
@article{Sakharov:1967dj,
      author         = "Sakharov, A. D.",
      title          = "{Violation of CP Invariance, C asymmetry, and baryon
                        asymmetry of the universe}",
      journal        = "Pisma Zh. Eksp. Teor. Fiz.",
      volume         = "5",
      year           = "1967",
      pages          = "32-35",
      doi            = "10.1070/PU1991v034n05ABEH002497",
      note           = "[Usp. Fiz. Nauk161,no.5,61(1991)]",
      SLACcitation   = "%%CITATION = ZFPRA,5,32;%%"
}

@article{Fukugita:1986hr,
      author         = "Fukugita, M. and Yanagida, T.",
      title          = "{Baryogenesis Without Grand Unification}",
      journal        = "Phys. Lett.",
      key            = "123",
      month          = "july",
      volume         = "B174",
      year           = "1986",
      pages          = "45-47",
      doi            = "10.1016/0370-2693(86)91126-3",
      reportNumber   = "RIFP-641",
      SLACcitation   = "%%CITATION = PHLTA,B174,45;%%"
}

@article{Pascoli:2006ci,
      author         = "Pascoli, S. and Petcov, S. T. and Riotto, Antonio",
      title          = "{Leptogenesis and Low Energy CP Violation in Neutrino
                        Physics}",
      journal        = "Nucl. Phys.",
      volume         = "B774",
      year           = "2007",
      pages          = "1-52",
      doi            = "10.1016/j.nuclphysb.2007.02.019",
      eprint         = "hep-ph/0611338",
      archivePrefix  = "arXiv",
      primaryClass   = "hep-ph",
      reportNumber   = "DCPT-06-166, CERN-PH-TH-2006-213, IPPP-06-83,
                        SISSA-71-2006-EP",
      SLACcitation   = "%%CITATION = HEP-PH/0611338;%%"
}


@article{Aad:2012tfa,
      author         = "Aad, Georges and others",
      title          = "{Observation of a new particle in the search for the
                        Standard Model Higgs boson with the ATLAS detector at the
                        LHC}",
      collaboration  = "ATLAS",
      journal        = "Phys. Lett.",
      volume         = "B716",
      year           = "2012",
      pages          = "1-29",
      doi            = "10.1016/j.physletb.2012.08.020",
      eprint         = "1207.7214",
      archivePrefix  = "arXiv",
      primaryClass   = "hep-ex",
      reportNumber   = "CERN-PH-EP-2012-218",
      SLACcitation   = "%%CITATION = ARXIV:1207.7214;%%"
}

@article{Drewes:2015iva,
      author         = "Drewes, Marco and Garbrecht, Bj√∂rn",
      title          = "{Combining experimental and cosmological constraints on
                        heavy neutrinos}",
      journal        = "Nucl. Phys.",
      volume         = "B921",
      year           = "2017",
      pages          = "250-315",
      doi            = "10.1016/j.nuclphysb.2017.05.001",
      eprint         = "1502.00477",
      archivePrefix  = "arXiv",
      primaryClass   = "hep-ph",
      reportNumber   = "TUM-HEP-979-15",
      SLACcitation   = "%%CITATION = ARXIV:1502.00477;%%"
}

@article{Vaitaitis:1999wq,
      author         = "Vaitaitis, A. and others",
      title          = "{Search for neutral heavy leptons in a high-energy
                        neutrino beam}",
      collaboration  = "NuTeV, E815",
      journal        = "Phys. Rev. Lett.",
      volume         = "83",
      year           = "1999",
      pages          = "4943-4946",
      doi            = "10.1103/PhysRevLett.83.4943",
      eprint         = "hep-ex/9908011",
      archivePrefix  = "arXiv",
      primaryClass   = "hep-ex",
      reportNumber   = "FERMILAB-PUB-99-223-E",
      SLACcitation   = "%%CITATION = HEP-EX/9908011;%%"
}

@article{Artamonov:2014urb,
      author         = "Artamonov, A. V. and others",
      title          = "{Search for heavy neutrinos in $K^+\to\mu^+\nu_H$
                        decays}",
      collaboration  = "E949",
      journal        = "Phys. Rev.",
      volume         = "D91",
      year           = "2015",
      number         = "5",
      pages          = "052001",
      doi            = "10.1103/PhysRevD.91.059903, 10.1103/PhysRevD.91.052001",
      note           = "[Erratum: Phys. Rev.D91,no.5,059903(2015)]",
      eprint         = "1411.3963",
      archivePrefix  = "arXiv",
      primaryClass   = "hep-ex",
      reportNumber   = "FERMILAB-PUB-14-609-E",
      SLACcitation   = "%%CITATION = ARXIV:1411.3963;%%"
}

@article{GellMann:1980vs,
      author         = "Gell-Mann, Murray and Ramond, Pierre and Slansky,
                        Richard",
      title          = "{Complex Spinors and Unified Theories}",
      booktitle      = "{Supergravity Workshop Stony Brook, New York, September
                        27-28, 1979}",
      journal        = "Conf. Proc.",
      volume         = "C790927",
      year           = "1979",
      pages          = "315-321",
      eprint         = "1306.4669",
      archivePrefix  = "arXiv",
      primaryClass   = "hep-th",
      reportNumber   = "PRINT-80-0576",
      SLACcitation   = "%%CITATION = ARXIV:1306.4669;%%"
}

@article{Yanagida:1979as,
      author         = "Yanagida, Tsutomu",
      title          = "{Horizontal gauge symmetry and masses of neutrinos}",
      booktitle      = "{Proceedings: Workshop on the Unified Theories and the
                        Baryon Number in the Universe: Tsukuba, Japan, February
                        13-14, 1979}",
      journal        = "Conf. Proc.",
      volume         = "C7902131",
      year           = "1979",
      pages          = "95-99",
      reportNumber   = "KEK-79-18-95",
      SLACcitation   = "%%CITATION = CONFP,C7902131,95;%%"
}

@article{Abreu:1996pa,
      author         = "Abreu, P. and others",
      title          = "{Search for neutral heavy leptons produced in Z decays}",
      collaboration  = "DELPHI",
      journal        = "Z. Phys.",
      volume         = "C74",
      year           = "1997",
      pages          = "57-71",
      doi            = "10.1007/s002880050370",
      note           = "[Erratum: Z. Phys.C75,580(1997)]",
      reportNumber   = "CERN-PPE-96-195",
      SLACcitation   = "%%CITATION = ZEPYA,C74,57;%%"
}
 
@article{Christenson:1964fg,
      author         = "Christenson, J. H. and Cronin, J. W. and Fitch, V. L. and
                        Turlay, R.",
      title          = "{Evidence for the $2\pi$ Decay of the $K_2^0$ Meson}",
      journal        = "Phys. Rev. Lett.",
      volume         = "13",
      year           = "1964",
      pages          = "138-140",
      doi            = "10.1103/PhysRevLett.13.138",
      SLACcitation   = "%%CITATION = PRLTA,13,138;%%"
}

@article{Aubert:2001sp,
      author         = "Aubert, Bernard and others",
      title          = "{Measurement of CP violating asymmetries in $B^0$ decays
                        to CP eigenstates}",
      collaboration  = "BaBar",
      journal        = "Phys. Rev. Lett.",
      volume         = "86",
      year           = "2001",
      pages          = "2515-2522",
      doi            = "10.1103/PhysRevLett.86.2515",
      eprint         = "hep-ex/0102030",
      archivePrefix  = "arXiv",
      primaryClass   = "hep-ex",
      reportNumber   = "SLAC-PUB-8777, BABAR-PUB-01-01",
      SLACcitation   = "%%CITATION = HEP-EX/0102030;%%"
}

@article{Abe:2001xe,
      author         = "Abe, Kazuo and others",
      title          = "{Observation of large CP violation in the neutral $B$
                        meson system}",
      collaboration  = "Belle",
      journal        = "Phys. Rev. Lett.",
      volume         = "87",
      year           = "2001",
      pages          = "091802",
      doi            = "10.1103/PhysRevLett.87.091802",
      eprint         = "hep-ex/0107061",
      archivePrefix  = "arXiv",
      primaryClass   = "hep-ex",
      reportNumber   = "KEK-PREPRINT-2001-50, BELLE-PREPRINT-2001-10",
      SLACcitation   = "%%CITATION = HEP-EX/0107061;%%"
}

@article{Aaij:2013iua,
      author         = "Aaij, R and others",
      title          = "{First observation of $CP$ violation in the decays of
                        $B^0_s$ mesons}",
      collaboration  = "LHCb",
      journal        = "Phys. Rev. Lett.",
      volume         = "110",
      year           = "2013",
      number         = "22",
      pages          = "221601",
      doi            = "10.1103/PhysRevLett.110.221601",
      eprint         = "1304.6173",
      archivePrefix  = "arXiv",
      primaryClass   = "hep-ex",
      reportNumber   = "CERN-PH-EP-2013-068, LHCB-PAPER-2013-018",
      SLACcitation   = "%%CITATION = ARXIV:1304.6173;%%"
}

@article{Aaij:2019kcg,
      author         = "Aaij, Roel and others",
      title          = "{Observation of CP Violation in Charm Decays}",
      collaboration  = "LHCb",
      journal        = "Phys. Rev. Lett.",
      volume         = "122",
      year           = "2019",
      number         = "21",
      pages          = "211803",
      doi            = "10.1103/PhysRevLett.122.211803",
      eprint         = "1903.08726",
      archivePrefix  = "arXiv",
      primaryClass   = "hep-ex",
      reportNumber   = "LHCb-PAPER-2019-006, CERN-EP-2019-042",
      SLACcitation   = "%%CITATION = ARXIV:1903.08726;%%"
}

@article{Aghanim:2018eyx,
      author         = "Aghanim, N. and others",
      title          = "{Planck 2018 results. VI. Cosmological parameters}",
      collaboration  = "Planck",
      year           = "2018",
      eprint         = "1807.06209",
      archivePrefix  = "arXiv",
      primaryClass   = "astro-ph.CO",
      SLACcitation   = "%%CITATION = ARXIV:1807.06209;%%"
}

@article{Tanabashi:2018oca,
      author         = "Tanabashi, M. and others",
      title          = "{Review of Particle Physics}",
      collaboration  = "Particle Data Group",
      journal        = "Phys. Rev.",
      volume         = "D98",
      year           = "2018",
      number         = "3",
      pages          = "030001",
      doi            = "10.1103/PhysRevD.98.030001",
      SLACcitation   = "%%CITATION = PHRVA,D98,030001;%%"
}

@article{Abe:2011sj,
      author         = "Abe, K. and others",
      title          = "{Indication of Electron Neutrino Appearance from an
                        Accelerator-produced Off-axis Muon Neutrino Beam}",
      collaboration  = "T2K",
      journal        = "Phys. Rev. Lett.",
      volume         = "107",
      year           = "2011",
      pages          = "041801",
      doi            = "10.1103/PhysRevLett.107.041801",
      eprint         = "1106.2822",
      archivePrefix  = "arXiv",
      primaryClass   = "hep-ex",
      SLACcitation   = "%%CITATION = ARXIV:1106.2822;%%"
}

@article{Abe:2011fz,
      author         = "Abe, Y. and others",
      title          = "{Indication of Reactor $\bar{\nu}_e$ Disappearance in the
                        Double Chooz Experiment}",
      collaboration  = "Double Chooz",
      journal        = "Phys. Rev. Lett.",
      volume         = "108",
      year           = "2012",
      pages          = "131801",
      doi            = "10.1103/PhysRevLett.108.131801",
      eprint         = "1112.6353",
      archivePrefix  = "arXiv",
      primaryClass   = "hep-ex",
      SLACcitation   = "%%CITATION = ARXIV:1112.6353;%%"
}

@article{An:2012eh,
      author         = "An, F. P. and others",
      title          = "{Observation of electron-antineutrino disappearance at
                        Daya Bay}",
      collaboration  = "Daya Bay",
      journal        = "Phys. Rev. Lett.",
      volume         = "108",
      year           = "2012",
      pages          = "171803",
      doi            = "10.1103/PhysRevLett.108.171803",
      eprint         = "1203.1669",
      archivePrefix  = "arXiv",
      primaryClass   = "hep-ex",
      SLACcitation   = "%%CITATION = ARXIV:1203.1669;%%"
}

@article{Ahn:2012nd,
      author         = "Ahn, J. K. and others",
      title          = "{Observation of Reactor Electron Antineutrino
                        Disappearance in the RENO Experiment}",
      collaboration  = "RENO",
      journal        = "Phys. Rev. Lett.",
      volume         = "108",
      year           = "2012",
      pages          = "191802",
      doi            = "10.1103/PhysRevLett.108.191802",
      eprint         = "1204.0626",
      archivePrefix  = "arXiv",
      primaryClass   = "hep-ex",
      SLACcitation   = "%%CITATION = ARXIV:1204.0626;%%"
}

@article{Fogli:2002pt,
      author         = "Fogli, G. L. and Lisi, E. and Marrone, A. and Montanino,
                        D. and Palazzo, A.",
      title          = "{Getting the most from the statistical analysis of solar
                        neutrino oscillations}",
      journal        = "Phys. Rev.",
      volume         = "D66",
      year           = "2002",
      pages          = "053010",
      doi            = "10.1103/PhysRevD.66.053010",
      eprint         = "hep-ph/0206162",
      archivePrefix  = "arXiv",
      primaryClass   = "hep-ph",
      SLACcitation   = "%%CITATION = HEP-PH/0206162;%%"
}

@article{Abe:2018uyc,
      author         = "Abe, K. and others",
      title          = "{Hyper-Kamiokande Design Report}",
      collaboration  = "Hyper-Kamiokande",
      year           = "2018",
      eprint         = "1805.04163",
      archivePrefix  = "arXiv",
      primaryClass   = "physics.ins-det",
      SLACcitation   = "%%CITATION = ARXIV:1805.04163;%%"
}

@article{Abe:2017vif,
      author         = "Abe, K. and others",
      title          = "{Measurement of neutrino and antineutrino oscillations by
                        the T2K experiment including a new additional sample of
                        $\nu_e$ interactions at the far detector}",
      collaboration  = "T2K",
      journal        = "Phys. Rev.",
      volume         = "D96",
      year           = "2017",
      number         = "9",
      pages          = "092006",
      doi            = "10.1103/PhysRevD.96.092006, 10.1103/PhysRevD.98.019902",
      note           = "[Erratum: Phys. Rev.D98,no.1,019902(2018)]",
      eprint         = "1707.01048",
      archivePrefix  = "arXiv",
      primaryClass   = "hep-ex",
      SLACcitation   = "%%CITATION = ARXIV:1707.01048;%%"
}

@article{Bak:2018ydk,
      author         = "Bak, G. and others",
      title          = "{Measurement of Reactor Antineutrino Oscillation
                        Amplitude and Frequency at RENO}",
      collaboration  = "RENO",
      journal        = "Phys. Rev. Lett.",
      volume         = "121",
      year           = "2018",
      number         = "20",
      pages          = "201801",
      doi            = "10.1103/PhysRevLett.121.201801",
      eprint         = "1806.00248",
      archivePrefix  = "arXiv",
      primaryClass   = "hep-ex",
      SLACcitation   = "%%CITATION = ARXIV:1806.00248;%%"
}

@article{Adey:2018zwh,
      author         = "Adey, D. and others",
      title          = "{Measurement of the Electron Antineutrino Oscillation
                        with 1958 Days of Operation at Daya Bay}",
      collaboration  = "Daya Bay",
      journal        = "Phys. Rev. Lett.",
      volume         = "121",
      year           = "2018",
      number         = "24",
      pages          = "241805",
      doi            = "10.1103/PhysRevLett.121.241805",
      eprint         = "1809.02261",
      archivePrefix  = "arXiv",
      primaryClass   = "hep-ex",
      SLACcitation   = "%%CITATION = ARXIV:1809.02261;%%"
}

@article{Abe:2017aap,
      author         = "Abe, K. and others",
      title          = "{Atmospheric neutrino oscillation analysis with external
                        constraints in Super-Kamiokande I-IV}",
      collaboration  = "Super-Kamiokande",
      journal        = "Phys. Rev.",
      volume         = "D97",
      year           = "2018",
      number         = "7",
      pages          = "072001",
      doi            = "10.1103/PhysRevD.97.072001",
      eprint         = "1710.09126",
      archivePrefix  = "arXiv",
      primaryClass   = "hep-ex",
      SLACcitation   = "%%CITATION = ARXIV:1710.09126;%%"
}

@article{Abe:2018wpn,
      author         = "Abe, K. and others",
      title          = "{Search for CP Violation in Neutrino and Antineutrino
                        Oscillations by the T2K Experiment with $2.2\times10^{21}$
                        Protons on Target}",
      collaboration  = "T2K",
      journal        = "Phys. Rev. Lett.",
      volume         = "121",
      year           = "2018",
      number         = "17",
      pages          = "171802",
      doi            = "10.1103/PhysRevLett.121.171802",
      eprint         = "1807.07891",
      archivePrefix  = "arXiv",
      primaryClass   = "hep-ex",
      SLACcitation   = "%%CITATION = ARXIV:1807.07891;%%"
}

@article{PhysRev.104.699,
	title = {Prompt Gamma Rays Accompanying the Spontaneous Fission of ${\mathrm{Cf}}^{252}$},
	author = {Smith, A. B. and Fields, P. R. and Friedman, A. M.},
	journal = {Phys. Rev.},
	volume = {104},
	issue = {3},
	pages = {699--702},
	numpages = {0},
	year = {1956},
	month = {Nov},
	publisher = {American Physical Society},
	doi = {10.1103/PhysRev.104.699},
	url = {https://link.aps.org/doi/10.1103/PhysRev.104.699}
}

@article{PhysRev.108.411,
  title = {Spontaneous Fission Neutron Spectrum of ${\mathrm{Cf}}^{252}$},
  author = {Smith, A. B. and Fields, P. R. and Roberts, J. H.},
  journal = {Phys. Rev.},
  volume = {108},
  issue = {2},
  pages = {411--413},
  numpages = {0},
  year = {1957},
  month = {Oct},
  publisher = {American Physical Society},
  doi = {10.1103/PhysRev.108.411},
  url = {https://link.aps.org/doi/10.1103/PhysRev.108.411}
}

@article{Fukuda:1998mi,
      author         = "Fukuda, Y. and others",
      title          = "{Evidence for oscillation of atmospheric neutrinos}",
      collaboration  = "Super-Kamiokande",
      journal        = "Phys. Rev. Lett.",
      volume         = "81",
      year           = "1998",
      pages          = "1562-1567",
      doi            = "10.1103/PhysRevLett.81.1562",
      eprint         = "hep-ex/9807003",
      archivePrefix  = "arXiv",
      primaryClass   = "hep-ex",
      reportNumber   = "BU-98-17, ICRR-REPORT-422-98-18, UCI-98-8,
                        KEK-PREPRINT-98-95, LSU-HEPA-5-98, UMD-98-003, SBHEP-98-5,
                        TKU-PAP-98-06, TIT-HPE-98-09",
      SLACcitation   = "%%CITATION = HEP-EX/9807003;%%"
}

@article{Aharmim:2005gt,
	author = "Aharmim, B. and others",
	title = "{Electron energy spectra, fluxes, and day-night asymmetries of B-8 solar neutrinos from measurements wit h NaCl dissolved in the heavy-water detector at the Sudbur y Neutrino Observatory}",
	collaboration = "SNO",
	journal = "Phys. Rev.",
	volume = "C72",
	year = "2005",
	pages = "055502",
	doi = "10.1103/PhysRevC.72.055502",
	eprint = "nucl-ex/0502021",
	archivePrefix = "arXiv",
	primaryClass = "nucl-ex",
	SLACcitation = "%%CITATION = NUCL-EX/0502021;%%"
} 

@article{Esteban:2018azc,
	author = "Esteban, Ivan and Gonzalez-Garcia, M. C. and Hernandez-Cabezudo, Alvaro and Maltoni, Michele and Schwetz, Thomas",
	title = "{Global analysis of three-flavour neutrino oscillations: synergies and tensions in the determination of $	heta_{23}$, $\delta_{CP}$, and the mass ordering}",
	journal = "JHEP",
	volume = "01",
	year = "2019",
	pages = "106",
	doi = "10.1007/JHEP01(2019)106",
	eprint = "1811.05487",
	archivePrefix = "arXiv",
	primaryClass = "hep-ph",
	reportNumber = "IFT-UAM/CSIC-18-112, YITP-SB-18-34",
	SLACcitation = "%%CITATION = ARXIV:1811.05487;%%"
} 

@article{Abazajian:2012ys,
	author = "Abazajian, K. N. and others",
	title = "{Light Sterile Neutrinos: A White Paper}",
	year = "2012",
	eprint = "1204.5379",
	archivePrefix = "arXiv",
	primaryClass = "hep-ph",
	reportNumber = "FERMILAB-PUB-12-881-PPD",
	SLACcitation = "%%CITATION = ARXIV:1204.5379;%%"
} 

@article{Asaka:2005an,
	author = "Asaka, Takehiko and Blanchet, Steve and Shaposhnikov, Mikhail",
	title = "{The nuMSM, dark matter and neutrino masses}",
	journal = "Phys. Lett.",
	volume = "B631",
	year = "2005",
	pages = "151-156",
	doi = "10.1016/j.physletb.2005.09.070",
	eprint = "hep-ph/0503065",
	archivePrefix = "arXiv",
	primaryClass = "hep-ph",
	SLACcitation = "%%CITATION = HEP-PH/0503065;%%"
} 

@article{Covi:1996wh,
	author = "Covi, Laura and Roulet, Esteban and Vissani, Francesco",
	title = "{CP violating decays in leptogenesis scenarios}",
	journal = "Phys. Lett.",
	volume = "B384",
	year = "1996",
	pages = "169-174",
	doi = "10.1016/0370-2693(96)00817-9",
	eprint = "hep-ph/9605319",
	archivePrefix = "arXiv",
	primaryClass = "hep-ph",
	reportNumber = "SISSA-66-96-EP, IC-96-73",
	SLACcitation = "%%CITATION = HEP-PH/9605319;%%"
} 

@article{Pilaftsis:1997jf,
	author = "Pilaftsis, Apostolos",
	title = "{CP violation and baryogenesis due to heavy Majorana neutrinos}",
	journal = "Phys. Rev.",
	volume = "D56",
	year = "1997",
	pages = "5431-5451",
	doi = "10.1103/PhysRevD.56.5431",
	eprint = "hep-ph/9707235",
	archivePrefix = "arXiv",
	primaryClass = "hep-ph",
	reportNumber = "MPI-PHT-97-30",
	SLACcitation = "%%CITATION = HEP-PH/9707235;%%"
} 

@article{Pilaftsis:2003gt,
	author = "Pilaftsis, Apostolos and Underwood, Thomas E. J.",
	title = "{Resonant leptogenesis}",
	journal = "Nucl. Phys.",
	volume = "B692",
	year = "2004",
	pages = "303-345",
	doi = "10.1016/j.nuclphysb.2004.05.029",
	eprint = "hep-ph/0309342",
	archivePrefix = "arXiv",
	primaryClass = "hep-ph",
	reportNumber = "MC-TH-2003-09",
	SLACcitation = "%%CITATION = HEP-PH/0309342;%%"
} 

@article{Buchmuller:1997yu,
	author = "Buchmuller, W. and Plumacher, M.",
	title = "{CP asymmetry in Majorana neutrino decays}",
	journal = "Phys. Lett.",
	volume = "B431",
	year = "1998",
	pages = "354-362",
	doi = "10.1016/S0370-2693(97)01548-7",
	eprint = "hep-ph/9710460",
	archivePrefix = "arXiv",
	primaryClass = "hep-ph",
	reportNumber = "DESY-97-190",
	SLACcitation = "%%CITATION = HEP-PH/9710460;%%"
} 

@article{Davidson:2008bu,
	author = "Davidson, Sacha and Nardi, Enrico and Nir, Yosef",
	title = "{Leptogenesis}",
	journal = "Phys. Rept.",
	volume = "466",
	year = "2008",
	pages = "105-177",
	doi = "10.1016/j.physrep.2008.06.002",
	eprint = "0802.2962",
	archivePrefix = "arXiv",
	primaryClass = "hep-ph",
	SLACcitation = "%%CITATION = ARXIV:0802.2962;%%"
} 

@article{Akhmedov:1998qx,
	author = "Akhmedov, Evgeny K. and Rubakov, V. A. and Smirnov, A. {\relax Yu}.",
	title = "{Baryogenesis via neutrino oscillations}",
	journal = "Phys. Rev. Lett.",
	volume = "81",
	year = "1998",
	pages = "1359-1362",
	doi = "10.1103/PhysRevLett.81.1359",
	eprint = "hep-ph/9803255",
	archivePrefix = "arXiv",
	primaryClass = "hep-ph",
	reportNumber = "IC-98-22, INR-98-14-T",
	SLACcitation = "%%CITATION = HEP-PH/9803255;%%"
} 

@article{Asaka:2005pn,
	author = "Asaka, Takehiko and Shaposhnikov, Mikhail",
	title = "{The $
		u$MSM, dark matter and baryon asymmetry of the universe}",
journal = "Phys. Lett.",
volume = "B620",
year = "2005",
pages = "17-26",
doi = "10.1016/j.physletb.2005.06.020",
eprint = "hep-ph/0505013",
archivePrefix = "arXiv",
primaryClass = "hep-ph",
SLACcitation = "%%CITATION = HEP-PH/0505013;%%"
} 

@article{Hernandez:2015wna,
	author = "Hern√°ndez, P. and Kekic, M. and L√≥pez-Pav√≥n, J. and Racker, J. and Rius, N.",
	title = "{Leptogenesis in GeV scale seesaw models}",
	journal = "JHEP",
	volume = "10",
	year = "2015",
	pages = "067",
	doi = "10.1007/JHEP10(2015)067",
	eprint = "1508.03676",
	archivePrefix = "arXiv",
	primaryClass = "hep-ph",
	reportNumber = "IFIC-15-44, SISSA-35-2015-FISI",
	SLACcitation = "%%CITATION = ARXIV:1508.03676;%%"
} 

@article{Hernandez:2016kel,
	author = "Hern√°ndez, P. and Kekic, M. and L√≥pez-Pav√≥n, J. and Racker, J. and Salvado, J.",
	title = "{Testable Baryogenesis in Seesaw Models}",
	journal = "JHEP",
	volume = "08",
	year = "2016",
	pages = "157",
	doi = "10.1007/JHEP08(2016)157",
	eprint = "1606.06719",
	archivePrefix = "arXiv",
	primaryClass = "hep-ph",
	SLACcitation = "%%CITATION = ARXIV:1606.06719;%%"
} 

@article{Hambye:2016sby,
	author = "Hambye, Thomas and Teresi, Daniele",
	title = "{Higgs doublet decay as the origin of the baryon asymmetry}",
	journal = "Phys. Rev. Lett.",
	volume = "117",
	year = "2016",
	number = "9",
	pages = "091801",
	doi = "10.1103/PhysRevLett.117.091801",
	eprint = "1606.00017",
	archivePrefix = "arXiv",
	primaryClass = "hep-ph",
	reportNumber = "ULB-TH-16-08",
	SLACcitation = "%%CITATION = ARXIV:1606.00017;%%"
} 

@article{Hambye:2017elz,
	author = "Hambye, Thomas and Teresi, Daniele",
	title = "{Baryogenesis from L-violating Higgs-doublet decay in th e density-matrix formalism}",
	journal = "Phys. Rev.",
	volume = "D96",
	year = "2017",
	number = "1",
	pages = "015031",
	doi = "10.1103/PhysRevD.96.015031",
	eprint = "1705.00016",
	archivePrefix = "arXiv",
	primaryClass = "hep-ph",
	reportNumber = "ULB-TH-17-07",
	SLACcitation = "%%CITATION = ARXIV:1705.00016;%%"
} 

@article{Drewes:2017zyw,
	author = "Drewes, M. and Garbrecht, B. and Hernandez, P. and Kekic, M. and Lopez-Pavon, J. and Racker, J. and Rius, N. and Salvado, J. and Teresi, D.",
	title = "{ARS Leptogenesis}",
	journal = "Int. J. Mod. Phys.",
	volume = "A33",
	year = "2018",
	number = "05n06",
	pages = "1842002",
	doi = "10.1142/S0217751X18420022",
	eprint = "1711.02862",
	archivePrefix = "arXiv",
	primaryClass = "hep-ph",
	SLACcitation = "%%CITATION = ARXIV:1711.02862;%%"
} 

@article{Aguilar:2001ty,
	author = "Aguilar-Arevalo, A. and others",
	title = "{Evidence for neutrino oscillations from the observation of anti-neutrino(electron) appearance in a anti-neutrino(muon) beam}",
	collaboration = "LSND",
	journal = "Phys. Rev.",
	volume = "D64",
	year = "2001",
	pages = "112007",
	doi = "10.1103/PhysRevD.64.112007",
	eprint = "hep-ex/0104049",
	archivePrefix = "arXiv",
	primaryClass = "hep-ex",
	SLACcitation = "%%CITATION = HEP-EX/0104049;%%"
} 

%inproceedings{Aguilar-Arevalo:2012fmn,
@article{Aguilar-Arevalo:2012fmn,
	author = "Aguilar-Arevalo, A. A. and others",
	title = "{A Combined $\nu_\mu \rightarrow \nu_e$ and $\bar \nu_\mu \rightarrow \bar \nu_e$ Oscillation Analysis of the MiniBooNE Excesses}",
	collaboration = "MiniBooNE",
	url = "http://lss.fnal.gov/archive/2012/pub/fermilab-pub-12-394 -ad-ppd.pdf",
	year = "2012",
	eprint = "1207.4809",
	archivePrefix = "arXiv",
	primaryClass = "hep-ex",
	reportNumber = "LA-UR-12-23041; Fermilab-PUB-12-394-AD-PPD, FERMILAB-PUB-12-394-AD-PPD, LA-UR-12-23041",
	SLACcitation = "%%CITATION = ARXIV:1207.4809;%%"
} 

@article{Aguilar-Arevalo:2013pmq,
	author = "Aguilar-Arevalo, A. A. and others",
	title = "{Improved Search for $\bar \nu_\mu \rightarrow \bar \nu_e$ Oscillations in the MiniBooNE Experiment}",
	collaboration = "MiniBooNE",
	journal = "Phys. Rev. Lett.",
	volume = "110",
	year = "2013",
	pages = "161801",
	doi = "10.1103/PhysRevLett.110.161801",
	eprint = "1303.2588",
	archivePrefix = "arXiv",
	primaryClass = "hep-ex",
	reportNumber = "FERMILAB-PUB-13-066-AD-E-PPD, LA-UR-13-21523",
	SLACcitation = "%%CITATION = ARXIV:1303.2588;%%"
} 

@article{Aguilar-Arevalo:2018gpe,
	author = "Aguilar-Arevalo, A. A. and others",
	title = "{Significant Excess of ElectronLike Events in the MiniBooNE Short-Baseline Neutrino Experiment}",
	collaboration = "MiniBooNE",
	journal = "Phys. Rev. Lett.",
	volume = "121",
	year = "2018",
	number = "22",
	pages = "221801",
	doi = "10.1103/PhysRevLett.121.221801",
	eprint = "1805.12028",
	archivePrefix = "arXiv",
	primaryClass = "hep-ex",
	reportNumber = "LA-UR-18-24586, FERMILAB-PUB-18-219",
	SLACcitation = "%%CITATION = ARXIV:1805.12028;%%"
} 

@article{TheIceCube:2016oqi,
	author = "Aartsen, M. G. and others",
	title = "{Searches for Sterile Neutrinos with the IceCube Detector}",
	collaboration = "IceCube",
	journal = "Phys. Rev. Lett.",
	volume = "117",
	year = "2016",
	number = "7",
	pages = "071801",
	doi = "10.1103/PhysRevLett.117.071801",
	eprint = "1605.01990",
	archivePrefix = "arXiv",
	primaryClass = "hep-ex",
	SLACcitation = "%%CITATION = ARXIV:1605.01990;%%"
} 

@article{Adamson:2017uda,
	author = "Adamson, P. and others",
	title = "{Search for sterile neutrinos in MINOS and MINOS+ using a two-detector fit}",
	collaboration = "MINOS+",
	journal = "Phys. Rev. Lett.",
	volume = "122",
	year = "2019",
	number = "9",
	pages = "091803",
	doi = "10.1103/PhysRevLett.122.091803",
	eprint = "1710.06488",
	archivePrefix = "arXiv",
	primaryClass = "hep-ex",
	reportNumber = "FERMILAB-PUB-17-430-ND",
	SLACcitation = "%%CITATION = ARXIV:1710.06488;%%"
} 

@article{Aartsen:2017bap,
	author = "Aartsen, M. G. and others",
	title = "{Search for sterile neutrino mixing using three years of IceCube DeepCore data}",
	collaboration = "IceCube",
	journal = "Phys. Rev.",
	volume = "D95",
	year = "2017",
	number = "11",
	pages = "112002",
	doi = "10.1103/PhysRevD.95.112002",
	eprint = "1702.05160",
	archivePrefix = "arXiv",
	primaryClass = "hep-ex",
	SLACcitation = "%%CITATION = ARXIV:1702.05160;%%"
} 

@article{Liao:2016reh,
	author = "Liao, Jiajun and Marfatia, Danny",
	title = "{Impact of nonstandard interactions on sterile neutrino searches at IceCube}",
	journal = "Phys. Rev. Lett.",
	volume = "117",
	year = "2016",
	number = "7",
	pages = "071802",
	doi = "10.1103/PhysRevLett.117.071802",
	eprint = "1602.08766",
	archivePrefix = "arXiv",
	primaryClass = "hep-ph",
	SLACcitation = "%%CITATION = ARXIV:1602.08766;%%"
} 

@article{Liao:2018mbg,
	author = "Liao, Jiajun and Marfatia, Danny and Whisnant, Kerry",
	title = "{MiniBooNE, MINOS+ and IceCube data imply a baroque neutrino sector}",
	journal = "Phys. Rev.",
	volume = "D99",
	year = "2019",
	number = "1",
	pages = "015016",
	doi = "10.1103/PhysRevD.99.015016",
	eprint = "1810.01000",
	archivePrefix = "arXiv",
	primaryClass = "hep-ph",
	SLACcitation = "%%CITATION = ARXIV:1810.01000;%%"
} 

@article{Esmaili:2018qzu,
	author = "Esmaili, Arman and Nunokawa, Hiroshi",
	title = "{On the robustness of IceCube's bound on sterile neutrinos in the presence of non-standard interactions}",
	journal = "Eur. Phys. J.",
	volume = "C79",
	year = "2019",
	number = "1",
	pages = "70",
	doi = "10.1140/epjc/s10052-019-6595-9",
	eprint = "1810.11940",
	archivePrefix = "arXiv",
	primaryClass = "hep-ph",
	SLACcitation = "%%CITATION = ARXIV:1810.11940;%%"
} 

@article{Denton:2018dqq,
	author = "Denton, Peter B. and Farzan, Yasaman and Shoemaker, Ian M.",
	title = "{Activating the fourth neutrino of the 3+1 scheme}",
	journal = "Phys. Rev.",
	volume = "D99",
	year = "2019",
	number = "3",
	pages = "035003",
	doi = "10.1103/PhysRevD.99.035003",
	eprint = "1811.01310",
	archivePrefix = "arXiv",
	primaryClass = "hep-ph",
	SLACcitation = "%%CITATION = ARXIV:1811.01310;%%"
} 

@article{Mueller:2011nm,
	author = "Mueller, Th. A. and others",
	title = "{Improved Predictions of Reactor Antineutrino Spectra}",
	journal = "Phys. Rev.",
	volume = "C83",
	year = "2011",
	pages = "054615",
	doi = "10.1103/PhysRevC.83.054615",
	eprint = "1101.2663",
	archivePrefix = "arXiv",
	primaryClass = "hep-ex",
	reportNumber = "IRFU-10-280",
	SLACcitation = "%%CITATION = ARXIV:1101.2663;%%"
} 

@article{Mention:2011rk,
	author = "Mention, G. and Fechner, M. and Lasserre, Th. and Mueller, Th. A. and Lhuillier, D. and Cribier, M. and Letourneau, A.",
	title = "{The Reactor Antineutrino Anomaly}",
	journal = "Phys. Rev.",
	volume = "D83",
	year = "2011",
	pages = "073006",
	doi = "10.1103/PhysRevD.83.073006",
	eprint = "1101.2755",
	archivePrefix = "arXiv",
	primaryClass = "hep-ex",
	SLACcitation = "%%CITATION = ARXIV:1101.2755;%%"
} 

@article{Huber:2011wv,
	author = "Huber, Patrick",
	title = "{On the determination of anti-neutrino spectra from nuclear reactors}",
	journal = "Phys. Rev.",
	volume = "C84",
	year = "2011",
	pages = "024617",
	doi = "10.1103/PhysRevC.85.029901, 10.1103/PhysRevC.84.024617",
	note = "[Erratum: Phys. Rev.C85,029901(2012)]",
	eprint = "1106.0687",
	archivePrefix = "arXiv",
	primaryClass = "hep-ph",
	SLACcitation = "%%CITATION = ARXIV:1106.0687;%%"
} 

@article{Alekseev:2018efk,
	author = "Alekseev, I and others",
	title = "{Search for sterile neutrinos at the DANSS experiment}",
	collaboration = "DANSS",
	journal = "Phys. Lett.",
	volume = "B787",
	year = "2018",
	pages = "56-63",
	doi = "10.1016/j.physletb.2018.10.038",
	eprint = "1804.04046",
	archivePrefix = "arXiv",
	primaryClass = "hep-ex",
	SLACcitation = "%%CITATION = ARXIV:1804.04046;%%"
} 

@article{Ko:2016owz,
	author = "Ko, Y. J. and others",
	title = "{Sterile Neutrino Search at the NEOS Experiment}",
	collaboration = "NEOS",
	journal = "Phys. Rev. Lett.",
	volume = "118",
	year = "2017",
	number = "12",
	pages = "121802",
	doi = "10.1103/PhysRevLett.118.121802",
	eprint = "1610.05134",
	archivePrefix = "arXiv",
	primaryClass = "hep-ex",
	SLACcitation = "%%CITATION = ARXIV:1610.05134;%%"
} 

@article{Abdurashitov:2005tb,
	author = "Abdurashitov, J. N. and others",
	title = "{Measurement of the response of a Ga solar neutrino experiment to neutrinos from an Ar-37 source}",
	journal = "Phys. Rev.",
	volume = "C73",
	year = "2006",
	pages = "045805",
	doi = "10.1103/PhysRevC.73.045805",
	eprint = "nucl-ex/0512041",
	archivePrefix = "arXiv",
	primaryClass = "nucl-ex",
	SLACcitation = "%%CITATION = NUCL-EX/0512041;%%"
} 

@article{Giunti:2006bj,
	author = "Giunti, Carlo and Laveder, Marco",
	title = "{Short-Baseline Active-Sterile Neutrino Oscillations?}",
	journal = "Mod. Phys. Lett.",
	volume = "A22",
	year = "2007",
	pages = "2499-2509",
	doi = "10.1142/S0217732307025455",
	eprint = "hep-ph/0610352",
	archivePrefix = "arXiv",
	primaryClass = "hep-ph",
	SLACcitation = "%%CITATION = HEP-PH/0610352;%%"
} 

@article{Laveder:2007zz,
	author = "Laveder, Marco",
	title = "{Unbound neutrino roadmaps}",
	booktitle = "{NOW 2006, proceedings of the Neutrino Oscillation Workshop, Conca Specchiulla, Otranto, Italy, 9-15 September 2006}",
	journal = "Nucl. Phys. Proc. Suppl.",
	volume = "168",
	year = "2007",
	pages = "344-346",
	doi = "10.1016/j.nuclphysbps.2007.02.037",
	SLACcitation = "%%CITATION = NUPHZ,168,344;%%"
} 

@article{Blanco:2019vyp,
	author = "Blanco, Carlos and Hooper, Dan and Machado, Pedro",
	title = "{Constraining Sterile Neutrino Interpretations of the LSND and MiniBooNE Anomalies with Coherent Neutrino Scattering Experiments}",
	year = "2019",
	eprint = "1901.08094",
	archivePrefix = "arXiv",
	primaryClass = "hep-ph",
	reportNumber = "FERMILAB-PUB-19-019-A-T",
	SLACcitation = "%%CITATION = ARXIV:1901.08094;%%"
} 

@article{Gninenko:2009ks,
	author = "Gninenko, S. N.",
	title = "{The MiniBooNE anomaly and heavy neutrino decay}",
	journal = "Phys. Rev. Lett.",
	volume = "103",
	year = "2009",
	pages = "241802",
	doi = "10.1103/PhysRevLett.103.241802",
	eprint = "0902.3802",
	archivePrefix = "arXiv",
	primaryClass = "hep-ph",
	SLACcitation = "%%CITATION = ARXIV:0902.3802;%%"
} 

@article{Gninenko:2010pr,
	author = "Gninenko, Sergei N.",
	title = "{A resolution of puzzles from the LSND, KARMEN, and MiniBooNE experiments}",
	journal = "Phys. Rev.",
	volume = "D83",
	year = "2011",
	pages = "015015",
	doi = "10.1103/PhysRevD.83.015015",
	eprint = "1009.5536",
	archivePrefix = "arXiv",
	primaryClass = "hep-ph",
	SLACcitation = "%%CITATION = ARXIV:1009.5536;%%"
} 

@article{Masip:2012ke,
	author = "Masip, Manuel and Masjuan, Pere and Meloni, Davide",
	title = "{Heavy neutrino decays at MiniBooNE}",
	journal = "JHEP",
	volume = "01",
	year = "2013",
	pages = "106",
	doi = "10.1007/JHEP01(2013)106",
	eprint = "1210.1519",
	archivePrefix = "arXiv",
	primaryClass = "hep-ph",
	reportNumber = "UG-FT-300-12, CAFPE-170-12",
	SLACcitation = "%%CITATION = ARXIV:1210.1519;%%"
} 

@article{Bertuzzo:2018itn,
	author = "Bertuzzo, Enrico and Jana, Sudip and Machado, Pedro A. N . and Zukanovich Funchal, Renata",
	title = "{Dark Neutrino Portal to Explain MiniBooNE excess}",
	journal = "Phys. Rev. Lett.",
	volume = "121",
	year = "2018",
	number = "24",
	pages = "241801",
	doi = "10.1103/PhysRevLett.121.241801",
	eprint = "1807.09877",
	archivePrefix = "arXiv",
	primaryClass = "hep-ph",
	reportNumber = "FERMILAB-PUB-18-336-T, OSU-HEP-18-04",
	SLACcitation = "%%CITATION = ARXIV:1807.09877;%%"
} 

@article{Ballett:2018ynz,
	author = "Ballett, Peter and Pascoli, Silvia and Ross-Lonergan, Mark",
	title = "{U(1)' mediated decays of heavy sterile neutrinos in MiniBooNE}",
	journal = "Phys. Rev.",
	volume = "D99",
	year = "2019",
	pages = "071701",
	doi = "10.1103/PhysRevD.99.071701",
	eprint = "1808.02915",
	archivePrefix = "arXiv",
	primaryClass = "hep-ph",
	reportNumber = "IPPP/18/70",
	SLACcitation = "%%CITATION = ARXIV:1808.02915;%%"
} 

@article{Danilov:2018dme,
	author = "Danilov, Mikhail",
	title = "{Searches for sterile neutrinos at very short baseline reactor experiments}",
	booktitle = "{Proceedings, 4th International Conference on Particle Physics and Astrophysics (ICPPA 2018): Moscow, Russia, October 22-26, 2018}",
	journal = "J. Phys. Conf. Ser.",
	volume = "1390",
	year = "2019",
	number = "1",
	pages = "012049",
	doi = "10.1088/1742-6596/1390/1/012049",
	eprint = "1812.04085",
	archivePrefix = "arXiv",
	primaryClass = "hep-ex",
	SLACcitation = "%%CITATION = ARXIV:1812.04085;%%"
} 

@article{Antonello:2015lea,
	author = "Antonello, M. and others",
	title = "{A Proposal for a Three Detector Short-Baseline Neutrino Oscillation Program in the Fermilab Booster Neutrino Beam}",
	collaboration = "MicroBooNE, LAr1-ND, ICARUS-WA104",
	year = "2015",
	eprint = "1503.01520",
	archivePrefix = "arXiv",
	primaryClass = "physics.ins-det",
	SLACcitation = "%%CITATION = ARXIV:1503.01520;%%"
} 

@article{Ashenfelter:2018iov,
	author = "Ashenfelter, J. and others",
	title = "{First search for short-baseline neutrino oscillations a t HFIR with PROSPECT}",
	collaboration = "PROSPECT",
	journal = "Phys. Rev. Lett.",
	volume = "121",
	year = "2018",
	number = "25",
	pages = "251802",
	doi = "10.1103/PhysRevLett.121.251802",
	eprint = "1806.02784",
	archivePrefix = "arXiv",
	primaryClass = "hep-ex",
	SLACcitation = "%%CITATION = ARXIV:1806.02784;%%"
} 

@article{Almazan:2018wln,
	author = "Almaz√°n, H. and others",
	title = "{Sterile Neutrino Constraints from the STEREO Experiment with 66 Days of Reactor-On Data}",
	collaboration = "STEREO",
	journal = "Phys. Rev. Lett.",
	volume = "121",
	year = "2018",
	number = "16",
	pages = "161801",
	doi = "10.1103/PhysRevLett.121.161801",
	eprint = "1806.02096",
	archivePrefix = "arXiv",
	primaryClass = "hep-ex",
	SLACcitation = "%%CITATION = ARXIV:1806.02096;%%"
} 

@article{Serebrov:2018vdw,
	author = "Serebrov, A. P. and others",
	title = "{First Observation of the Oscillation Effect in the Neutrino-4 Experiment on the Search for the Sterile Neutrino}",
	collaboration = "NEUTRINO-4",
	journal = "Pisma Zh. Eksp. Teor. Fiz.",
	volume = "109",
	year = "2019",
	number = "4",
	pages = "209-218",
	doi = "10.1134/S0021364019040040",
	note = "[JETP Lett.109,no.4,213(2019)]",
	eprint = "1809.10561",
	archivePrefix = "arXiv",
	primaryClass = "hep-ex",
	SLACcitation = "%%CITATION = ARXIV:1809.10561;%%"
} 

@article{Aker:2019uuj,
	author = "Aker, M. and others",
	title = "{An improved upper limit on the neutrino mass from a direct kinematic method by KATRIN}",
	collaboration = "KATRIN",
	journal = "Phys. Rev. Lett.",
	volume = "123",
	year = "2019",
	number = "22",
	pages = "221802",
	doi = "10.1103/PhysRevLett.123.221802",
	eprint = "1909.06048",
	archivePrefix = "arXiv",
	primaryClass = "hep-ex",
	SLACcitation = "%%CITATION = ARXIV:1909.06048;%%"
} 

@article{Mertens:2018vuu,
	author = "Mertens, Susanne and others",
	title = "{A novel detector system for KATRIN to search for keV-scale sterile neutrinos}",
	collaboration = "KATRIN",
	journal = "J. Phys.",
	volume = "G46",
	year = "2019",
	number = "6",
	pages = "065203",
	doi = "10.1088/1361-6471/ab12fe",
	eprint = "1810.06711",
	archivePrefix = "arXiv",
	primaryClass = "physics.ins-det",
	SLACcitation = "%%CITATION = ARXIV:1810.06711;%%"
} 

@article{Atre:2009rg,
	author = "Atre, Anupama and Han, Tao and Pascoli, Silvia and Zhang, Bin",
	title = "{The Search for Heavy Majorana Neutrinos}",
	journal = "JHEP",
	volume = "05",
	year = "2009",
	pages = "030",
	doi = "10.1088/1126-6708/2009/05/030",
	eprint = "0901.3589",
	archivePrefix = "arXiv",
	primaryClass = "hep-ph",
	reportNumber = "FERMILAB-PUB-08-086-T, NSF-KITP-08-54, MADPH-06-1466, DCPT-07-198, IPPP-07-99",
	SLACcitation = "%%CITATION = ARXIV:0901.3589;%%"
} 

@article{Galeazzi:2001py,
	author = "Galeazzi, M. and Fontanelli, F. and Gatti, F. and Vitale, S.",
	title = "{Limits on the existence of heavy neutrinos in the range 50-eV - 1000-eV from the study of the Re-187 beta decay} ",
	journal = "Phys. Rev. Lett.",
	volume = "86",
	year = "2001",
	pages = "1978-1981",
	doi = "10.1103/PhysRevLett.86.1978",
	SLACcitation = "%%CITATION = PRLTA,86,1978;%%"
} 

@article{Hiddemann:1995ce,
	author = "Hiddemann, K. H. and Daniel, H. and Schwentker, O.",
	title = "{Limits on neutrino masses from the tritium beta spectrum}",
	journal = "J. Phys.",
	volume = "G21",
	year = "1995",
	pages = "639-650",
	doi = "10.1088/0954-3899/21/5/008",
	SLACcitation = "%%CITATION = JPAGA,G21,639;%%"
} 

@article{Holzschuh:1999vy,
	author = "Holzschuh, E. and Kundig, W. and Palermo, L. and Stussi, H. and Wenk, P.",
	title = "{Search for heavy neutrinos in the beta spectrum of Ni-63}",
	journal = "Phys. Lett.",
	volume = "B451",
	year = "1999",
	pages = "247-255",
	doi = "10.1016/S0370-2693(99)00200-2",
	SLACcitation = "%%CITATION = PHLTA,B451,247;%%"
} 

@article{Holzschuh:2000nj,
	author = "Holzschuh, E. and Palermo, L. and Stussi, H. and Wenk, P.",
	title = "{The beta-spectrum of S-35 and search for the admixture of heavy neutrinos}",
	journal = "Phys. Lett.",
	volume = "B482",
	year = "2000",
	pages = "1-9",
	doi = "10.1016/S0370-2693(00)00476-7",
	SLACcitation = "%%CITATION = PHLTA,B482,1;%%"
} 

@article{Deutsch:1990ut,
	author = "Deutsch, J. and Lebrun, M. and Prieels, R.",
	title = "{Searches for admixture of massive neutrinos into the electron flavor}",
	booktitle = "{\#DONE: Nucl. Phys. A518 (1990) 149-155.}",
	journal = "Nucl. Phys.",
	volume = "A518",
	year = "1990",
	pages = "149-155",
	doi = "10.1016/0375-9474(90)90541-S",
	SLACcitation = "%%CITATION = NUPHA,A518,149;%%"
} 


@article{Britton:1992pg,
	author = "Britton, D. I. and others",
	title = "{Measurement of the $\pi^+ \to e^+$ neutrino branching ratio}",
	journal = "Phys. Rev. Lett.",
	volume = "68",
	year = "1992",
	pages = "3000-3003",
	doi = "10.1103/PhysRevLett.68.3000",
	reportNumber = "TRI-PP-92-15",
	SLACcitation = "%%CITATION = PRLTA,68,3000;%%"
} 

@article{Britton:1992xv,
	author = "Britton, D. I. and others",
	title = "{Improved search for massive neutrinos in $\pi^+ \to e^+$ neutrino decay}",
	journal = "Phys. Rev.",
	volume = "D46",
	year = "1992",
	pages = "R885-R887",
	doi = "10.1103/PhysRevD.46.R885",
	reportNumber = "TRI-PP-92-29",
	SLACcitation = "%%CITATION = PHRVA,D46,R885;%%"
} 

@article{Aguilar-Arevalo:2017vlf,
	author = "Aguilar-Arevalo, A. and others",
	title = "{Improved search for heavy neutrinos in the decay $\pi\rightarrow e \nu$}",
	collaboration = "PIENU",
	journal = "Phys. Rev.",
	volume = "D97",
	year = "2018",
	number = "7",
	pages = "072012",
	doi = "10.1103/PhysRevD.97.072012",
	eprint = "1712.03275",
	archivePrefix = "arXiv",
	primaryClass = "hep-ex",
	SLACcitation = "%%CITATION = ARXIV:1712.03275;%%"
} 

@article{Aguilar-Arevalo:2019owf,
	author = "Aguilar-Arevalo, A. and others",
	title = "{Search for heavy neutrinos in $\pi \to \mu\nu$ decay}",
	collaboration = "PIENU",
	journal = "Phys. Lett.",
	volume = "B798",
	year = "2019",
	pages = "134980",
	doi = "10.1016/j.physletb.2019.134980",
	eprint = "1904.03269",
	archivePrefix = "arXiv",
	primaryClass = "hep-ex",
	SLACcitation = "%%CITATION = ARXIV:1904.03269;%%"
} 

@article{Bernardi:1985ny,
	author = "Bernardi, G. and others",
	title = "{Search for Neutrino Decay}",
	journal = "Phys. Lett.",
	volume = "166B",
	year = "1986",
	pages = "479-483",
	doi = "10.1016/0370-2693(86)91602-3",
	reportNumber = "CERN-EP/85-177",
	SLACcitation = "%%CITATION = PHLTA,166B,479;%%"
} 

@article{Bernardi:1987ek,
	author = "Bernardi, G. and others",
	title = "{FURTHER LIMITS ON HEAVY NEUTRINO COUPLINGS}",
	journal = "Phys. Lett.",
	volume = "B203",
	year = "1988",
	pages = "332-334",
	doi = "10.1016/0370-2693(88)90563-1",
	reportNumber = "CERN-EP/87-234",
	SLACcitation = "%%CITATION = PHLTA,B203,332;%%"
} 

@article{Adriani:1992pq,
	author = "Adriani, O. and others",
	title = "{Search for isosinglet neutral heavy leptons in Z0 decays}",
	collaboration = "L3",
	journal = "Phys. Lett.",
	volume = "B295",
	year = "1992",
	pages = "371-382",
	doi = "10.1016/0370-2693(92)91579-X",
	reportNumber = "CERN-PPE-92-164",
	SLACcitation = "%%CITATION = PHLTA,B295,371;%%"
} 

@article{Vilain:1994vg,
	author = "Vilain, P. and others",
	title = "{Search for heavy isosinglet neutrinos}",
	collaboration = "CHARM II",
	journal = "Phys. Lett.",
	volume = "B343",
	year = "1995",
	pages = "453-458",
	doi = "10.1016/0370-2693(94)00440-I, 10.1016/0370-2693(94)01422-9",
	note = "[Phys. Lett.B351,387(1995)]",
	reportNumber = "CERN-PPE-94-168",
	SLACcitation = "%%CITATION = PHLTA,B343,453;%%"
} 

@article{Badier:1985wg,
	author = "Badier, J. and others",
	title = "{Direct Photon Production From Pions and Protons at 200-{GeV}/$c$}",
	collaboration = "NA3",
	journal = "Z. Phys.",
	volume = "C31",
	year = "1986",
	pages = "341",
	doi = "10.1007/BF01588030",
	reportNumber = "CERN-EP-85-200",
	SLACcitation = "%%CITATION = ZEPYA,C31,341;%%"
} 

@article{CooperSarkar:1985nh,
	author = "Cooper-Sarkar, Amanda M. and others",
	title = "{Search for Heavy Neutrino Decays in the {BEBC} Beam Dum p Experiment}",
	collaboration = "WA66",
	journal = "Phys. Lett.",
	volume = "160B",
	year = "1985",
	pages = "207-211",
	doi = "10.1016/0370-2693(85)91493-5",
	reportNumber = "CERN-EP-85-104",
	SLACcitation = "%%CITATION = PHLTA,160B,207;%%"
} 

@article{Gallas:1994xp,
	author = "Gallas, E. and others",
	title = "{Search for neutral weakly interacting massive particles in the Fermilab Tevatron wide band neutrino beam}",
	collaboration = "FMMF",
	journal = "Phys. Rev.",
	volume = "D52",
	year = "1995",
	pages = "6-14",
	doi = "10.1103/PhysRevD.52.6",
	SLACcitation = "%%CITATION = PHRVA,D52,6;%%"
} 

@article{Benes:2005hn,
	author = "Benes, P. and Faessler, Amand and Simkovic, F. and Kovalenko, S.",
	title = "{Sterile neutrinos in neutrinoless double beta decay}",
	journal = "Phys. Rev.",
	volume = "D71",
	year = "2005",
	pages = "077901",
	doi = "10.1103/PhysRevD.71.077901",
	eprint = "hep-ph/0501295",
	archivePrefix = "arXiv",
	primaryClass = "hep-ph",
	SLACcitation = "%%CITATION = HEP-PH/0501295;%%"
} 

@article{Aaij:2014aba,
	author = "Aaij, Roel and others",
	title = "{Search for Majorana neutrinos in $B^-	\to \pi^+\mu^-\mu^-$ decays}",
	collaboration = "LHCb",
	journal = "Phys. Rev. Lett.",
	volume = "112",
	year = "2014",
	number = "13",
	pages = "131802",
	doi = "10.1103/PhysRevLett.112.131802",
	eprint = "1401.5361",
	archivePrefix = "arXiv",
	primaryClass = "hep-ex",
	reportNumber = "CERN-PH-EP-2014-002, LHCB-PAPER-2013-064",
	SLACcitation = "%%CITATION = ARXIV:1401.5361;%%"
} 

@article{Aad:2015xaa,
	author = "Aad, Georges and others",
	title = "{Search for heavy Majorana neutrinos with the ATLAS detector in pp collisions at $ \sqrt{s}=8 $ TeV}",
	collaboration = "ATLAS",
	journal = "JHEP",
	volume = "07",
	year = "2015",
	pages = "162",
	doi = "10.1007/JHEP07(2015)162",
	eprint = "1506.06020",
	archivePrefix = "arXiv",
	primaryClass = "hep-ex",
	reportNumber = "CERN-PH-EP-2015-070",
	SLACcitation = "%%CITATION = ARXIV:1506.06020;%%"
} 

@article{Aaboud:2018spl,
	author = "Aaboud, Morad and others",
	title = "{Search for heavy Majorana or Dirac neutrinos and right-handed $W$ gauge bosons
			in final states with two charged leptons and two jets at $ \sqrt{s}=13 $ TeV with the ATLAS detector}",
	collaboration = "ATLAS",
	journal = "JHEP",
	volume = "01",
	year = "2019",
	pages = "016",
	doi = "10.1007/JHEP01(2019)016",
	eprint = "1809.11105",
	archivePrefix = "arXiv",
	primaryClass = "hep-ex",
	reportNumber = "CERN-EP-2018-199",
	SLACcitation = "%%CITATION = ARXIV:1809.11105;%%"
} 

@article{Khachatryan:2015gha,
	author = "Khachatryan, Vardan and others",
	title = "{Search for heavy Majorana neutrinos in $\mu^\pm \mu^\pm+$ jets events in proton-proton collisions at $\sqrt{s}$ = 8 TeV}",
	collaboration = "CMS",
	journal = "Phys. Lett.",
	volume = "B748",
	year = "2015",
	pages = "144-166",
	doi = "10.1016/j.physletb.2015.06.070",
	eprint = "1501.05566",
	archivePrefix = "arXiv",
	primaryClass = "hep-ex",
	reportNumber = "CMS-EXO-12-057, CERN-PH-EP-2015-001",
	SLACcitation = "%%CITATION = ARXIV:1501.05566;%%"
} 

@article{Sirunyan:2018mtv,
	author = "Sirunyan, Albert M and others",
	title = "{Search for heavy neutral leptons in events with three charged leptons in proton-proton collisions at $\sqrt{s} =$ 13 TeV}",
	collaboration = "CMS",
	journal = "Phys. Rev. Lett.",
	volume = "120",
	year = "2018",
	number = "22",
	pages = "221801",
	doi = "10.1103/PhysRevLett.120.221801",
	eprint = "1802.02965",
	archivePrefix = "arXiv",
	primaryClass = "hep-ex",
	reportNumber = "CMS-EXO-17-012, CERN-EP-2018-006",
	SLACcitation = "%%CITATION = ARXIV:1802.02965;%%"
} 

@article{Sirunyan:2018xiv,
	author = "Sirunyan, Albert M and others",
	title = "{Search for heavy Majorana neutrinos in same-sign dilepton channels in proton-proton collisions at $ \sqrt{s}=13 $ TeV}",
	collaboration = "CMS",
	journal = "JHEP",
	volume = "01",
	year = "2019",
	pages = "122",
	doi = "10.1007/JHEP01(2019)122",
	eprint = "1806.10905",
	archivePrefix = "arXiv",
	primaryClass = "hep-ex",
	reportNumber = "CMS-EXO-17-028, CERN-EP-2018-159",
	SLACcitation = "%%CITATION = ARXIV:1806.10905;%%"
} 

@article{Liventsev:2013zz,
	author = "Liventsev, D. and others",
	title = "{Search for heavy neutrinos at Belle}",
	collaboration = "Belle",
	journal = "Phys. Rev.",
	volume = "D87",
	year = "2013",
	number = "7",
	pages = "071102",
	doi = "10.1103/PhysRevD.95.099903, 10.1103/PhysRevD.87.071102",
	note = "[Erratum: Phys. Rev.D95,no.9,099903(2017)]",
	eprint = "1301.1105",
	archivePrefix = "arXiv",
	primaryClass = "hep-ex",
	reportNumber = "BELLE-PREPRINT-2012-28, KEK-PREPRINT-2012-32",
	SLACcitation = "%%CITATION = ARXIV:1301.1105;%%"
} 

@article{Harrison:2015bja,
	author = "Harrison, J.",
	title = "{Recent results on searches for heavy Majorana neutrinos}",
	booktitle = "{Proceedings, 13th International Workshop on Tau Lepton Physics (TAU 2014): Aachen, Germany, September 15-19, 2014}",
	collaboration = "LHCb, BaBar, Belle",
	journal = "Nucl. Part. Phys. Proc.",
	volume = "260",
	year = "2015",
	pages = "143-146",
	doi = "10.1016/j.nuclphysbps.2015.02.030",
	SLACcitation = "%%CITATION = INSPIRE-1373191;%%"
} 

@article{Kusenko:2004qc,
	author = "Kusenko, Alexander and Pascoli, Silvia and Semikoz, Dmitry",
	title = "{New bounds on MeV sterile neutrinos based on the accelerator and Super-Kamiokande results}",
	journal = "JHEP",
	volume = "11",
	year = "2005",
	pages = "028",
	doi = "10.1088/1126-6708/2005/11/028",
	eprint = "hep-ph/0405198",
	archivePrefix = "arXiv",
	primaryClass = "hep-ph",
	reportNumber = "UCLA-04-TEP-04",
	SLACcitation = "%%CITATION = HEP-PH/0405198;%%"
} 

@article{Asaka:2012bb,
	author = "Asaka, Takehiko and Eijima, Shintaro and Watanabe, Atsushi",
	title = "{Heavy neutrino search in accelerator-based experiments} ",
	journal = "JHEP",
	volume = "03",
	year = "2013",
	pages = "125",
	doi = "10.1007/JHEP03(2013)125",
	eprint = "1212.1062",
	archivePrefix = "arXiv",
	primaryClass = "hep-ph",
	SLACcitation = "%%CITATION = ARXIV:1212.1062;%%"
} 

@article{Abe:2019kgx,
	author = "Abe, K. and others",
	title = "{Search for heavy neutrinos with the T2K near detector ND280}",
	collaboration = "T2K",
	journal = "Phys. Rev.",
	volume = "D100",
	year = "2019",
	number = "5",
	pages = "052006",
	doi = "10.1103/PhysRevD.100.052006",
	eprint = "1902.07598",
	archivePrefix = "arXiv",
	primaryClass = "hep-ex",
	SLACcitation = "%%CITATION = ARXIV:1902.07598;%%"
} 

@article{Ballett:2016opr,
	author = "Ballett, Peter and Pascoli, Silvia and Ross-Lonergan, Mark",
	title = "{MeV-scale sterile neutrino decays at the Fermilab Short-Baseline Neutrino program}",
	journal = "JHEP",
	volume = "04",
	year = "2017",
	pages = "102",
	doi = "10.1007/JHEP04(2017)102",
	eprint = "1610.08512",
	archivePrefix = "arXiv",
	primaryClass = "hep-ph",
	SLACcitation = "%%CITATION = ARXIV:1610.08512;%%"
} 

@article{Abi:2018dnh,
	author = "Abi, B. and others",
	title = "{The DUNE Far Detector Interim Design Report Volume 1: Physics, Technology and Strategies}",
	collaboration = "DUNE",
	year = "2018",
	eprint = "1807.10334",
	archivePrefix = "arXiv",
	primaryClass = "physics.ins-det",
	reportNumber = "FERMILAB-DESIGN-2018-02",
	SLACcitation = "%%CITATION = ARXIV:1807.10334;%%"
} 

%inproceedings{Adams:2013qkq,
@article{Adams:2013qkq,
	author = "Adams, C. and others",
	title = "{The Long-Baseline Neutrino Experiment: Exploring Fundamental Symmetries of the Universe}",
	booktitle = "{Snowmass 2013: Workshop on Energy Frontier Seattle, USA, June 30-July 3, 2013}",
	collaboration = "LBNE",
	url = "http://lss.fnal.gov/archive/2014/pub/fermilab-pub-14-022 .pdf",
	year = "2013",
	eprint = "1307.7335",
	archivePrefix = "arXiv",
	primaryClass = "hep-ex",
	reportNumber = "BNL-101354-2013-JA, BNL-101354-2014-JA, FERMILAB-PUB-14-022, LA-UR-14-20881",
	SLACcitation = "%%CITATION = ARXIV:1307.7335;%%"
} 

@article{Krasnov:2019kdc,
	author = "Krasnov, Igor",
	title = "{DUNE prospects in the search for sterile neutrinos}",
	journal = "Phys. Rev.",
	volume = "D100",
	year = "2019",
	number = "7",
	pages = "075023",
	doi = "10.1103/PhysRevD.100.075023",
	eprint = "1902.06099",
	archivePrefix = "arXiv",
	primaryClass = "hep-ph",
	SLACcitation = "%%CITATION = ARXIV:1902.06099;%%"
} 

@article{Minkowski:1977sc,
	author = "Minkowski, Peter",
	title = "{$\mu \to e\gamma$ at a Rate of One Out of $10^{9}$ Muon Decays?}",
	journal = "Phys. Lett.",
	volume = "67B",
	year = "1977",
	pages = "421-428",
	doi = "10.1016/0370-2693(77)90435-X",
	reportNumber = "Print-77-0182 (BERN)",
	SLACcitation = "%%CITATION = PHLTA,67B,421;%%"
} 

@article{Mohapatra:1979ia,
	author = "Mohapatra, Rabindra N. and Senjanovic, Goran",
	title = "{Neutrino Mass and Spontaneous Parity Nonconservation}",
	journal = "Phys. Rev. Lett.",
	volume = "44",
	year = "1980",
	pages = "912",
	doi = "10.1103/PhysRevLett.44.912",
	note = "[,231(1979)]",
	reportNumber = "MDDP-TR-80-060, MDDP-PP-80-105, CCNY-HEP-79-10",
	SLACcitation = "%%CITATION = PRLTA,44,912;%%"
} 

@article{Grimus:2000vj,
	author = "Grimus, W. and Lavoura, L.",
	title = "{The Seesaw mechanism at arbitrary order: Disentangling the small scale from the large scale}",
	journal = "JHEP",
	volume = "11",
	year = "2000",
	pages = "042",
	doi = "10.1088/1126-6708/2000/11/042",
	eprint = "hep-ph/0008179",
	archivePrefix = "arXiv",
	primaryClass = "hep-ph",
	reportNumber = "UWTHPH-2000-32",
	SLACcitation = "%%CITATION = HEP-PH/0008179;%%"
} 

@article{Mohapatra:1986bd,
	author = "Mohapatra, R. N. and Valle, J. W. F.",
	title = "{Neutrino Mass and Baryon Number Nonconservation in Superstring Models}",
	booktitle = "{Sixty years of double beta decay: From nuclear physics to beyond standard model particle physics}",
	journal = "Phys. Rev.",
	volume = "D34",
	year = "1986",
	pages = "1642",
	doi = "10.1103/PhysRevD.34.1642",
	note = "[,235(1986)]",
	reportNumber = "MdDP-PP-86-127",
	SLACcitation = "%%CITATION = PHRVA,D34,1642;%%"
} 

@article{GonzalezGarcia:1988rw,
	author = "Gonzalez-Garcia, M. C. and Valle, J. W. F.",
	title = "{Fast Decaying Neutrinos and Observable Flavor Violation in a New Class of Majoron Models}",
	journal = "Phys. Lett.",
	volume = "B216",
	year = "1989",
	pages = "360-366",
	doi = "10.1016/0370-2693(89)91131-3",
	reportNumber = "CERN-TH-5170-88, FTUV-10-88",
	SLACcitation = "%%CITATION = PHLTA,B216,360;%%"
} 

@article{Barr:2003nn,
	author = "Barr, S. M.",
	title = "{A Different seesaw formula for neutrino masses}",
	journal = "Phys. Rev. Lett.",
	volume = "92",
	year = "2004",
	pages = "101601",
	doi = "10.1103/PhysRevLett.92.101601",
	eprint = "hep-ph/0309152",
	archivePrefix = "arXiv",
	primaryClass = "hep-ph",
	SLACcitation = "%%CITATION = HEP-PH/0309152;%%"
} 

@article{Malinsky:2005bi,
	author = "Malinsky, Michal and Romao, J. C. and Valle, J. W. F.",
	title = "{Novel supersymmetric SO(10) seesaw mechanism}",
	journal = "Phys. Rev. Lett.",
	volume = "95",
	year = "2005",
	pages = "161801",
	doi = "10.1103/PhysRevLett.95.161801",
	eprint = "hep-ph/0506296",
	archivePrefix = "arXiv",
	primaryClass = "hep-ph",
	reportNumber = "IFIC-05-28",
	SLACcitation = "%%CITATION = HEP-PH/0506296;%%"
} 

@article{Kang:2006sn,
	author = "Kang, Sin Kyu and Kim, C. S.",
	title = "{Extended double seesaw model for neutrino mass spectrum and low scale leptogenesis}",
	journal = "Phys. Lett.",
	volume = "B646",
	year = "2007",
	pages = "248-252",
	doi = "10.1016/j.physletb.2006.12.071",
	eprint = "hep-ph/0607072",
	archivePrefix = "arXiv",
	primaryClass = "hep-ph",
	SLACcitation = "%%CITATION = HEP-PH/0607072;%%"
} 

@article{tHooft:1980xss,
	author = "'t Hooft, Gerard and Itzykson, C. and Jaffe, A. and Lehmann, H. and Mitter, P. K. and Singer, I. M. and Stor a, R.",
	title = "{Recent Developments in Gauge Theories. Proceedings, Nat o Advanced Study Institute, Cargese, France, August 26 - September 8, 1979}",
	journal = "NATO Sci. Ser. B",
	volume = "59",
	year = "1980",
	pages = "pp.1-438",
	doi = "10.1007/978-1-4684-7571-5",
	SLACcitation = "%%CITATION = INSPIRE-161902;%%"
} 

@article{Denner:1992me,
	author = "Denner, Ansgar and Eck, H. and Hahn, O. and Kublbeck, J. ",
	title = "{Compact Feynman rules for Majorana fermions}",
	journal = "Phys. Lett.",
	volume = "B291",
	year = "1992",
	pages = "278-280",
	doi = "10.1016/0370-2693(92)91045-B",
	reportNumber = "PRINT-92-0315 (CERN)",
	SLACcitation = "%%CITATION = PHLTA,B291,278;%%"
} 

@article{Abada:2016plb,
	author = "Abada, Asmaa and Beƒçireviƒá, Damir and Sumensari, Olcyr and Weiland, Cedric and Zukanovich Funchal, Renata",
	title = "{Sterile neutrinos facing kaon physics experiments}",
	journal = "Phys. Rev.",
	volume = "D95",
	year = "2017",
	number = "7",
	pages = "075023",
	doi = "10.1103/PhysRevD.95.075023",
	eprint = "1612.04737",
	archivePrefix = "arXiv",
	primaryClass = "hep-ph",
	reportNumber = "LPT-16-84, IPPP-16-119",
	SLACcitation = "%%CITATION = ARXIV:1612.04737;%%"
} 

@article{Kayser:1981nw,
	author = "Kayser, Boris and Shrock, Robert E.",
	title = "{Distinguishing Between Dirac and Majorana Neutrinos in Neutral Current Reactions}",
	journal = "Phys. Lett.",
	volume = "112B",
	year = "1982",
	pages = "137-142",
	doi = "10.1016/0370-2693(82)90314-8",
	reportNumber = "SLAC-PUB-2815, ITP-SB-81-49",
	SLACcitation = "%%CITATION = PHLTA,112B,137;%%"
} 

@article{Kayser:1982br,
	author = "Kayser, Boris",
	title = "{Majorana Neutrinos and their Electromagnetic Properties}",
	journal = "Phys. Rev.",
	volume = "D26",
	year = "1982",
	pages = "1662",
	doi = "10.1103/PhysRevD.26.1662",
	reportNumber = "SLAC-PUB-2879",
	SLACcitation = "%%CITATION = PHRVA,D26,1662;%%"
} 

@article{Dittmaier:1998nn,
	author = "Dittmaier, Stefan",
	title = "{Weyl-van der Waerden formalism for helicity amplitudes of massive particles}",
	journal = "Phys. Rev.",
	volume = "D59",
	year = "1998",
	pages = "016007",
	doi = "10.1103/PhysRevD.59.016007",
	eprint = "hep-ph/9805445",
	archivePrefix = "arXiv",
	primaryClass = "hep-ph",
	reportNumber = "CERN-TH-98-143",
	SLACcitation = "%%CITATION = HEP-PH/9805445;%%"
} 

@article{Diaz-Cruz:2016ahc,
	author = "Diaz-Cruz, J. Lorenzo and Larios, Bryan O. and Meza-Aldama, O.",
	title = "{An Introduction to the Massive Helicity Formalism with applications to the Electroweak SM}",
	booktitle = "{Proceedings, 30th Reunion Anual de la Division de Particulas y Campos de la SMF (DPC-SMF2016): Puebla, Mexico, May 23-25, 2016}",
	journal = "J. Phys. Conf. Ser.",
	volume = "761",
	year = "2016",
	number = "1",
	pages = "012012",
	doi = "10.1088/1742-6596/761/1/012012",
	eprint = "1608.04129",
	archivePrefix = "arXiv",
	primaryClass = "hep-ph",
	SLACcitation = "%%CITATION = ARXIV:1608.04129;%%"
} 

@article{Shtabovenko:2016sxi,
	author = "Shtabovenko, Vladyslav and Mertig, Rolf and Orellana, Frederik",
	title = "{New Developments in FeynCalc 9.0}",
	journal = "Comput. Phys. Commun.",
	volume = "207",
	year = "2016",
	pages = "432-444",
	doi = "10.1016/j.cpc.2016.06.008",
	eprint = "1601.01167",
	archivePrefix = "arXiv",
	primaryClass = "hep-ph",
	reportNumber = "TUM-EFT-71-15",
	SLACcitation = "%%CITATION = ARXIV:1601.01167;%%"
} 

@article{Mertig:1990an,
	author = "Mertig, R. and Bohm, M. and Denner, Ansgar",
	title = "{FEYN CALC: Computer algebraic calculation of Feynman amplitudes}",
	journal = "Comput. Phys. Commun.",
	volume = "64",
	year = "1991",
	pages = "345-359",
	doi = "10.1016/0010-4655(91)90130-D",
	reportNumber = "PRINT-90-0639 (WURZBURG)",
	SLACcitation = "%%CITATION = CPHCB,64,345;%%"
} 

@article{Helo:2010cw,
	author = "Helo, Juan Carlos and Kovalenko, Sergey and Schmidt, Ivan",
	title = "{Sterile neutrinos in lepton number and lepton flavor violating decays}",
	journal = "Nucl. Phys.",
	volume = "B853",
	year = "2011",
	pages = "80-104",
	doi = "10.1016/j.nuclphysb.2011.07.020",
	eprint = "1005.1607",
	archivePrefix = "arXiv",
	primaryClass = "hep-ph",
	SLACcitation = "%%CITATION = ARXIV:1005.1607;%%"
} 

@article{Gorbunov:2007ak,
	author = "Gorbunov, Dmitry and Shaposhnikov, Mikhail",
	title = "{How to find neutral leptons of the $\nu$MSM?}",
	journal = "JHEP",
	volume = "10",
	year = "2007",
	pages = "015",
	doi = "10.1007/JHEP11(2013)101, 10.1088/1126-6708/2007/10/015",
	note = "[Erratum: JHEP11,101(2013)]",
	eprint = "0705.1729",
	archivePrefix = "arXiv",
	primaryClass = "hep-ph",
	SLACcitation = "%%CITATION = ARXIV:0705.1729;%%"
} 

@article{Bondarenko:2018ptm,
	author = "Bondarenko, Kyrylo and Boyarsky, Alexey and Gorbunov, Dmitry and Ruchayskiy, Oleg",
	title = "{Phenomenology of GeV-scale Heavy Neutral Leptons}",
	journal = "JHEP",
	volume = "11",
	year = "2018",
	pages = "032",
	doi = "10.1007/JHEP11(2018)032",
	eprint = "1805.08567",
	archivePrefix = "arXiv",
	primaryClass = "hep-ph",
	SLACcitation = "%%CITATION = ARXIV:1805.08567;%%"
} 

@article{Balantekin:2018ukw,
	author = "Balantekin, A. Baha and de Gouv√™a, Andr√© and Kayser, Boris",
	title = "{Addressing the Majorana vs. Dirac Question with Neutrino Decays}",
	journal = "Phys. Lett.",
	volume = "B789",
	year = "2019",
	pages = "488-495",
	doi = "10.1016/j.physletb.2018.11.068",
	eprint = "1808.10518",
	archivePrefix = "arXiv",
	primaryClass = "hep-ph",
	reportNumber = "FERMILAB-PUB-18-418-T, NUHEP-TH/18-09",
	SLACcitation = "%%CITATION = ARXIV:1808.10518;%%"
} 

@article{Magill:2018jla,
	author = "Magill, Gabriel and Plestid, Ryan and Pospelov, Maxim an d Tsai, Yu-Dai",
	title = "{Dipole Portal to Heavy Neutral Leptons}",
	journal = "Phys. Rev.",
	volume = "D98",
	year = "2018",
	number = "11",
	pages = "115015",
	doi = "10.1103/PhysRevD.98.115015",
	eprint = "1803.03262",
	archivePrefix = "arXiv",
	primaryClass = "hep-ph",
	reportNumber = "FERMILAB-PUB-18-745-A",
	SLACcitation = "%%CITATION = ARXIV:1803.03262;%%"
} 

@article{Tanabashi:2018oca,
	author = "Tanabashi, M. and others",
	title = "{Review of Particle Physics}",
	collaboration = "Particle Data Group",
	journal = "Phys. Rev.",
	volume = "D98",
	year = "2018",
	number = "3",
	pages = "030001",
	doi = "10.1103/PhysRevD.98.030001",
	SLACcitation = "%%CITATION = PHRVA,D98,030001;%%"
} 

@article{Shrock:1981wq,
	author = "Shrock, Robert E.",
	title = "{General Theory of Weak Processes Involving Neutrinos. 2 . Pure Leptonic Decays}",
	journal = "Phys. Rev.",
	volume = "D24",
	year = "1981",
	pages = "1275",
	doi = "10.1103/PhysRevD.24.1275",
	reportNumber = "ITP-SB-81-3",
	SLACcitation = "%%CITATION = PHRVA,D24,1275;%%"
} 

@article{Abada:2013aba,
	author = "Abada, A. and Teixeira, A. M. and Vicente, A. and Weiland, C.",
	title = "{Sterile neutrinos in leptonic and semileptonic decays}",
	journal = "JHEP",
	volume = "02",
	year = "2014",
	pages = "091",
	doi = "10.1007/JHEP02(2014)091",
	eprint = "1311.2830",
	archivePrefix = "arXiv",
	primaryClass = "hep-ph",
	reportNumber = "LPT-ORSAY-13-54, PCCF-RI-13-05, IFT-UAM-CSIC-13-118, FTUAM-13-31",
	SLACcitation = "%%CITATION = ARXIV:1311.2830;%%"
} 

@article{Rubbia:1977zz,
	author = "Rubbia, C.",
	title = "{The Liquid Argon Time Projection Chamber: A New Concept for Neutrino Detectors}",
	year = "1977",
	reportNumber = "CERN-EP-INT-77-08, CERN-EP-77-08",
	SLACcitation = "%%CITATION = CERN-EP-INT-77-08;%%"
} 


@article{Glassel:2004jv,
	author = "Glassel, P. and Glaessel, P.",
	title = "{The ALICE TPC: An innovative device for heavy-ion collisions at LHC}",
	booktitle = "{Ultra-relativistic nucleus-nucleus collisions. Proceedings, 17th International Conference, Quark Matter 2004, Oakland, USA, January 11-17, 2004}",
	collaboration = "ALICE TPC",
	journal = "J. Phys.",
	volume = "G30",
	year = "2004",
	pages = "S1083-S1086",
	doi = "10.1088/0954-3899/30/8/063",
	SLACcitation = "%%CITATION = JPAGA,G30,S1083;%%"
} 

@article{NA62:2017rwk,
	author = "Cortina Gil, Eduardo and others",
	title = "{The Beam and detector of the NA62 experiment at CERN}",
	collaboration = "NA62",
	journal = "JINST",
	volume = "12",
	year = "2017",
	number = "05",
	pages = "P05025",
	doi = "10.1088/1748-0221/12/05/P05025",
	eprint = "1703.08501",
	archivePrefix = "arXiv",
	primaryClass = "physics.ins-det",
	SLACcitation = "%%CITATION = ARXIV:1703.08501;%%"
} 

@article{Anelli:2015pba,
	author = "Anelli, M. and others",
	title = "{A facility to Search for Hidden Particles (SHiP) at the CERN SPS}",
	collaboration = "SHiP",
	year = "2015",
	eprint = "1504.04956",
	archivePrefix = "arXiv",
	primaryClass = "physics.ins-det",
	reportNumber = "CERN-SPSC-2015-016, SPSC-P-350",
	SLACcitation = "%%CITATION = ARXIV:1504.04956;%%"
} 

%inproceedings{Drewes:2018irr,
@article{Drewes:2018irr,
	author = "Drewes, Marco and Hajer, Jan and Klaric, Juraj and Lanfranchi, Gaia",
	title = "{Perspectives to find heavy neutrinos with NA62}",
	booktitle = "{Proceedings, 53rd Rencontres de Moriond on Electroweak Interactions and Unified Theories (Moriond EW 2018): La Thuile, Italy, March 10-17, 2018}",
	year = "2018",
	pages = "303-309",
	eprint = "1806.00100",
	archivePrefix = "arXiv",
	primaryClass = "hep-ph",
	SLACcitation = "%%CITATION = ARXIV:1806.00100;%%"
} 

@article{SHiP:2018xqw,
	author = "Ahdida, C. and others",
	title = "{Sensitivity of the SHiP experiment to Heavy Neutral Leptons}",
	collaboration = "SHiP",
	journal = "JHEP",
	volume = "04",
	year = "2019",
	pages = "077",
	doi = "10.1007/JHEP04(2019)077",
	eprint = "1811.00930",
	archivePrefix = "arXiv",
	primaryClass = "hep-ph",
	SLACcitation = "%%CITATION = ARXIV:1811.00930;%%"
} 

@article{Caputo:2016ojx,
	author = "Caputo, A. and Hernandez, P. and Kekic, M. and L√≥pez-Pav√≥n, J. and Salvado, J.",
	title = "{The seesaw path to leptonic CP violation}",
	journal = "Eur. Phys. J.",
	volume = "C77",
	year = "2017",
	number = "4",
	pages = "258",
	doi = "10.1140/epjc/s10052-017-4823-8",
	eprint = "1611.05000",
	archivePrefix = "arXiv",
	primaryClass = "hep-ph",
	reportNumber = "CERN-TH-2016-238",
	SLACcitation = "%%CITATION = ARXIV:1611.05000;%%"
} 

@article{Curtin:2018mvb,
	author = "Curtin, David and others",
	title = "{Long-Lived Particles at the Energy Frontier: The MATHUSLA Physics Case}",
	journal = "Rept. Prog. Phys.",
	volume = "82",
	year = "2019",
	number = "11",
	pages = "116201",
	doi = "10.1088/1361-6633/ab28d6",
	eprint = "1806.07396",
	archivePrefix = "arXiv",
	primaryClass = "hep-ph",
	reportNumber = "FERMILAB-PUB-18-264-T",
	SLACcitation = "%%CITATION = ARXIV:1806.07396;%%"
} 

@article{Ariga:2018uku,
	author = "Ariga, Akitaka and others",
	title = "{FASER‚Äôs physics reach for long-lived particles}",
	collaboration = "FASER",
	journal = "Phys. Rev.",
	volume = "D99",
	year = "2019",
	number = "9",
	pages = "095011",
	doi = "10.1103/PhysRevD.99.095011",
	eprint = "1811.12522",
	archivePrefix = "arXiv",
	primaryClass = "hep-ph",
	reportNumber = "UCI-TR-2018-19, KYUSHU-RCAPP-2018-06",
	SLACcitation = "%%CITATION = ARXIV:1811.12522;%%"
} 

@article{Kling:2018wct,
	author = "Kling, Felix and Trojanowski, Sebastian",
	title = "{Heavy Neutral Leptons at FASER}",
	journal = "Phys. Rev.",
	volume = "D97",
	year = "2018",
	number = "9",
	pages = "095016",
	doi = "10.1103/PhysRevD.97.095016",
	eprint = "1801.08947",
	archivePrefix = "arXiv",
	primaryClass = "hep-ph",
	reportNumber = "UCI-TR-2017-18",
	SLACcitation = "%%CITATION = ARXIV:1801.08947;%%"
} 

@article{Bhadra:2014oma,
	author = "Bhadra, S. and others",
	title = "{Letter of Intent to Construct a nuPRISM Detector in the J-PARC Neutrino Beamline}",
	collaboration = "nuPRISM",
	year = "2014",
	eprint = "1412.3086",
	archivePrefix = "arXiv",
	primaryClass = "physics.ins-det",
	SLACcitation = "%%CITATION = ARXIV:1412.3086;%%"
} 

@article{Ammar:1988ta,
	author = "Ammar, R. and others",
	title = "{D-Meson Production in 800-GeV/c p Pinteractions}",
	journal = "Phys. Rev. Lett.",
	volume = "61",
	year = "1988",
	pages = "2185-2188",
	doi = "10.1103/PhysRevLett.61.2185",
	SLACcitation = "%%CITATION = PRLTA,61,2185;%%"
} 

@article{Alves:1996qz,
	author = "Alves, G. A. and others",
	title = "{Feynman x and transverse momentum dependence of D meson production in 250-GeV pi, K and p - nucleon interactions }",
	collaboration = "E769",
	journal = "Phys. Rev. Lett.",
	volume = "77",
	year = "1996",
	pages = "2392-2395",
	doi = "10.1103/PhysRevLett.77.2392",
	reportNumber = "FERMILAB-PUB-96-084",
	SLACcitation = "%%CITATION = PRLTA,77,2392;%%"
} 

@article{Andreopoulos:2009rq,
	author = "Andreopoulos, C. and others",
	title = "{The GENIE Neutrino Monte Carlo Generator}",
	journal = "Nucl. Instrum. Meth.",
	volume = "A614",
	year = "2010",
	pages = "87-104",
	doi = "10.1016/j.nima.2009.12.009",
	eprint = "0905.2517",
	archivePrefix = "arXiv",
	primaryClass = "hep-ph",
	reportNumber = "FERMILAB-PUB-09-418-CD",
	SLACcitation = "%%CITATION = ARXIV:0905.2517;%%"
} 

@article{Alekhin:2015byh,
	author = "Alekhin, Sergey and others",
	title = "{A facility to Search for Hidden Particles at the CERN SPS: the SHiP physics case}",
	journal = "Rept. Prog. Phys.",
	volume = "79",
	year = "2016",
	number = "12",
	pages = "124201",
	doi = "10.1088/0034-4885/79/12/124201",
	eprint = "1504.04855",
	archivePrefix = "arXiv",
	primaryClass = "hep-ph",
	reportNumber = "CERN-SPSC-2015-017, SPSC-P-350-ADD-1",
	SLACcitation = "%%CITATION = ARXIV:1504.04855;%%"
} 

@article{Alion:2016uaj,
	author = "Alion, T. and others",
	title = "{Experiment Simulation Configurations Used in DUNE CDR}",
	collaboration = "DUNE",
	year = "2016",
	eprint = "1606.09550",
	archivePrefix = "arXiv",
	primaryClass = "physics.ins-det",
	reportNumber = "FERMILAB-FN-1020-ND",
	SLACcitation = "%%CITATION = ARXIV:1606.09550;%%"
} 


@article{Adams:2018lzd,
	author = "Adams, C. and others",
	title = "{Rejecting cosmic background for exclusive charged current quasi elastic neutrino interaction studies with Liquid Argon TPCs; a case study with the MicroBooNE detector}",
	collaboration = "MicroBooNE",
	journal = "Eur. Phys. J.",
	volume = "C79",
	year = "2019",
	number = "8",
	pages = "673",
	doi = "10.1140/epjc/s10052-019-7184-7",
	eprint = "1812.05679",
	archivePrefix = "arXiv",
	primaryClass = "physics.ins-det",
	reportNumber = "FERMILAB-PUB-18-677-E",
	SLACcitation = "%%CITATION = ARXIV:1812.05679;%%"
} 

@article{Feldman:1997qc,
	author = "Feldman, Gary J. and Cousins, Robert D.",
	title = "{A Unified approach to the classical statistical analysi s of small signals}",
	journal = "Phys. Rev.",
	volume = "D57",
	year = "1998",
	pages = "3873-3889",
	doi = "10.1103/PhysRevD.57.3873",
	eprint = "physics/9711021",
	archivePrefix = "arXiv",
	primaryClass = "physics.data-an",
	reportNumber = "HUTP-97-A096",
	SLACcitation = "%%CITATION = PHYSICS/9711021;%%"
} 

@article{Ilakovac:1994kj,
	author = "Ilakovac, A. and Pilaftsis, A.",
	title = "{Flavor violating charged lepton decays in seesaw-type models}",
	journal = "Nucl. Phys.",
	volume = "B437",
	year = "1995",
	pages = "491",
	doi = "10.1016/0550-3213(94)00567-X",
	eprint = "hep-ph/9403398",
	archivePrefix = "arXiv",
	primaryClass = "hep-ph",
	reportNumber = "RAL-94-032, MZ-TH-94-15",
	SLACcitation = "%%CITATION = HEP-PH/9403398;%%"
} 

@article{TheMEG:2016wtm,
	author = "Baldini, A. M. and others",
	title = "{Search for the lepton flavour violating decay $\mu ^+ \rightarrow \mathrm {e}^+ \gamma $ with the full dataset of the MEG experiment}",
	collaboration = "MEG",
	journal = "Eur. Phys. J.",
	volume = "C76",
	year = "2016",
	number = "8",
	pages = "434",
	doi = "10.1140/epjc/s10052-016-4271-x",
	eprint = "1605.05081",
	archivePrefix = "arXiv",
	primaryClass = "hep-ex",
	SLACcitation = "%%CITATION = ARXIV:1605.05081;%%"
} 

@article{Alonso:2012ji,
	author = "Alonso, R. and Dhen, M. and Gavela, M. B. and Hambye, T. ",
	title = "{Muon conversion to electron in nuclei in type-I seesaw models}",
	journal = "JHEP",
	volume = "01",
	year = "2013",
	pages = "118",
	doi = "10.1007/JHEP01(2013)118",
	eprint = "1209.2679",
	archivePrefix = "arXiv",
	primaryClass = "hep-ph",
	reportNumber = "ULB-TH-12-12, FTUAM-12-100, IFT-UAM-CSIC-12-78",
	SLACcitation = "%%CITATION = ARXIV:1209.2679;%%"
} 

@article{Deshpande:2011uv,
	author = "Deshpande, N. G. and others",
	title = "{$\mu - e$ Conversion With Four Generations}",
	journal = "Phys. Lett.",
	volume = "B703",
	year = "2011",
	pages = "562-566",
	doi = "10.1016/j.physletb.2011.08.045",
	eprint = "1106.5085",
	archivePrefix = "arXiv",
	primaryClass = "hep-ph",
	reportNumber = "MISC-2011-13",
	SLACcitation = "%%CITATION = ARXIV:1106.5085;%%"
} 

@article{Buras:2010cp,
	author = "Buras, Andrzej J. and Duling, Bjorn and Feldmann, Thorsten and Heidsieck, Tillmann and Promberger, Christoph",
	title = "{Lepton Flavour Violation in the Presence of a Fourth Generation of Quarks and Leptons}",
	journal = "JHEP",
	volume = "09",
	year = "2010",
	pages = "104",
	doi = "10.1007/JHEP09(2010)104",
	eprint = "1006.5356",
	archivePrefix = "arXiv",
	primaryClass = "hep-ph",
	reportNumber = "TUM-HEP-764-10",
	SLACcitation = "%%CITATION = ARXIV:1006.5356;%%"
} 

@article{Abada:2016vzu,
	author = "Abada, A. and De Romeri, V. and Orloff, J. and Teixeira, A. M.",
	title = "{In-flight cLFV conversion: ${e-\mu }$, ${e-\tau }$ and ${\mu -\tau }$ in minimal extensions of the standard mod el with sterile fermions}",
	journal = "Eur. Phys. J.",
	volume = "C77",
	year = "2017",
	number = "5",
	pages = "304",
	doi = "10.1140/epjc/s10052-017-4864-z",
	eprint = "1612.05548",
	archivePrefix = "arXiv",
	primaryClass = "hep-ph",
	reportNumber = "LPT-ORSAY-16-86, PCCF-RI-16-08, IFT-UAM-CSIC-16-138, FTUAM-16-47",
	SLACcitation = "%%CITATION = ARXIV:1612.05548;%%"
} 

@article{Abada:2014vea,
	author = "Abada, Asmaa and Lucente, Michele",
	title = "{Looking for the minimal inverse seesaw realisation}",
	journal = "Nucl. Phys.",
	volume = "B885",
	year = "2014",
	pages = "651-678",
	doi = "10.1016/j.nuclphysb.2014.06.003",
	eprint = "1401.1507",
	archivePrefix = "arXiv",
	primaryClass = "hep-ph",
	reportNumber = "LPT-ORSAY-13-39, SISSA-59-2013-FISI",
	SLACcitation = "%%CITATION = ARXIV:1401.1507;%%"
} 


@article{Antusch:2008tz,
	author = "Antusch, Stefan and Baumann, Jochen P. and Fernandez-Martinez, Enrique",
	title = "{Non-Standard Neutrino Interactions with Matter from Physics Beyond the Standard Model}",
	journal = "Nucl. Phys.",
	volume = "B810",
	year = "2009",
	pages = "369-388",
	doi = "10.1016/j.nuclphysb.2008.11.018",
	eprint = "0807.1003",
	archivePrefix = "arXiv",
	primaryClass = "hep-ph",
	reportNumber = "MPP-2008-74",
	SLACcitation = "%%CITATION = ARXIV:0807.1003;%%"
} 

@article{Fernandez-Martinez:2016lgt,
	author = "Fernandez-Martinez, Enrique and Hernandez-Garcia, Josu and Lopez-Pavon, Jacobo",
	title = "{Global constraints on heavy neutrino mixing}",
	journal = "JHEP",
	volume = "08",
	year = "2016",
	pages = "033",
	doi = "10.1007/JHEP08(2016)033",
	eprint = "1605.08774",
	archivePrefix = "arXiv",
	primaryClass = "hep-ph",
	SLACcitation = "%%CITATION = ARXIV:1605.08774;%%"
} 

@article{Blennow:2016jkn,
	author = "Blennow, Mattias and Coloma, Pilar and Fernandez-Martinez, Enrique and Hernandez-Garcia, Josu and Lopez-Pavon, Jacobo",
	title = "{Non-Unitarity, sterile neutrinos, and Non-Standard neutrino Interactions}",
	journal = "JHEP",
	volume = "04",
	year = "2017",
	pages = "153",
	doi = "10.1007/JHEP04(2017)153",
	eprint = "1609.08637",
	archivePrefix = "arXiv",
	primaryClass = "hep-ph",
	reportNumber = "IFT-UAM-CSIC-16-090, FTUAM-16-35, FERMILAB-PUB-16-400-T",
	SLACcitation = "%%CITATION = ARXIV:1609.08637;%%"
} 

@article{Blennow:2010th,
	author = "Blennow, Mattias and Fernandez-Martinez, Enrique and Lopez-Pavon, Jacobo and Menendez, Javier",
	title = "{Neutrinoless double beta decay in seesaw models}",
	journal = "JHEP",
	volume = "07",
	year = "2010",
	pages = "096",
	doi = "10.1007/JHEP07(2010)096",
	eprint = "1005.3240",
	archivePrefix = "arXiv",
	primaryClass = "hep-ph",
	reportNumber = "MPP-2010-40, IFT-UAM-CSIC-10-26, FTUAM-10-06, EURONU-WP6-10-18",
	SLACcitation = "%%CITATION = ARXIV:1005.3240;%%"
} 

@article{KamLAND-Zen:2016pfg,
	author = "Gando, A. and others",
	title = "{Search for Majorana Neutrinos near the Inverted Mass Hierarchy Region with KamLAND-Zen}",
	collaboration = "KamLAND-Zen",
	journal = "Phys. Rev. Lett.",
	volume = "117",
	year = "2016",
	number = "8",
	pages = "082503",
	doi = "10.1103/PhysRevLett.117.109903, 10.1103/PhysRevLett.117.082503",
	note = "[Addendum: Phys. Rev. Lett.117,no.10,109903(2016)]",
	eprint = "1605.02889",
	archivePrefix = "arXiv",
	primaryClass = "hep-ex",
	SLACcitation = "%%CITATION = ARXIV:1605.02889;%%"
} 

@article{Dentler:2018sju,
	author = "Dentler, Mona and Hern√°ndez-Cabezudo, √Ålvaro and Kopp, Joachim and Machado, Pedro A. N. and Maltoni, Michele an d Martinez-Soler, Ivan and Schwetz, Thomas",
	title = "{Updated Global Analysis of Neutrino Oscillations in the Presence of eV-Scale Sterile Neutrinos}",
	journal = "JHEP",
	volume = "08",
	year = "2018",
	pages = "010",
	doi = "10.1007/JHEP08(2018)010",
	eprint = "1803.10661",
	archivePrefix = "arXiv",
	primaryClass = "hep-ph",
	reportNumber = "MITP-18-023, IFT-UAM-CSIC-18-033, MITP/18-023, FERMILAB-PUB-18-086-T, IFT-UAM/CSIC-18-033",
	SLACcitation = "%%CITATION = ARXIV:1803.10661;%%"
} 

@article{RamanaMurthy:1975vfu,
	author = "Ramana Murthy, P. V. and Ayre, Cyril A. and Gustafson, H . Richard and Jones, Lawrence W. and Longo, Michael J.",
	title = "{Neutron Total Cross-Sections on Nuclei at Fermilab Energies}",
	journal = "Nucl. Phys.",
	volume = "B92",
	year = "1975",
	pages = "269-308",
	doi = "10.1016/0550-3213(75)90182-0",
	reportNumber = "FERMILAB-PUB-75-147-E, UM-HE-75-2",
	SLACcitation = "%%CITATION = NUPHA,B92,269;%%"
} 

@article{Abramowicz:2013eja,
	author = "Abramowicz, H. and others",
	title = "{Measurement of charm fragmentation fractions in photoproduction at HERA}",
	collaboration = "ZEUS",
	journal = "JHEP",
	volume = "09",
	year = "2013",
	pages = "058",
	doi = "10.1007/JHEP09(2013)058",
	eprint = "1306.4862",
	archivePrefix = "arXiv",
	primaryClass = "hep-ex",
	reportNumber = "DESY-13-106",
	SLACcitation = "%%CITATION = ARXIV:1306.4862;%%"
} 

@article{Buckley:2014ana,
	author = "Buckley, Andy and Ferrando, James and Lloyd, Stephen and Nordstr√∂m, Karl and Page, Ben and R√ºfenacht, Martin and Sch√∂nherr, Marek and Watt, Graeme",
	title = "{LHAPDF6: parton density access in the LHC precision era}",
	journal = "Eur. Phys. J.",
	volume = "C75",
	year = "2015",
	pages = "132",
	doi = "10.1140/epjc/s10052-015-3318-8",
	eprint = "1412.7420",
	archivePrefix = "arXiv",
	primaryClass = "hep-ph",
	reportNumber = "GLAS-PPE-2014-05, MCNET-14-29, IPPP-14-111, DCPT-14-222",
	SLACcitation = "%%CITATION = ARXIV:1412.7420;%%"
} 

@article{Kovarik:2015cma,
	author = "Kovarik, K. and others",
	title = "{nCTEQ15 - Global analysis of nuclear parton distributions with uncertainties in the CTEQ framework}",
	journal = "Phys. Rev.",
	volume = "D93",
	year = "2016",
	number = "8",
	pages = "085037",
	doi = "10.1103/PhysRevD.93.085037",
	eprint = "1509.00792",
	archivePrefix = "arXiv",
	primaryClass = "hep-ph",
	reportNumber = "LPSC-15-153, MS-TP-15-11, FERMILAB-PUB-15-375-ND-PPD-T",
	SLACcitation = "%%CITATION = ARXIV:1509.00792;%%"
} 

@article{Ankowski:2008aa,
	author = "Ankowski, A. and others",
	title = "{Energy reconstruction of electromagnetic showers from pi0 decays with the ICARUS T600 Liquid Argon TPC}",
	collaboration = "ICARUS",
	journal = "Acta Phys. Polon.",
	volume = "B41",
	year = "2010",
	pages = "103-125",
	eprint = "0812.2373",
	archivePrefix = "arXiv",
	primaryClass = "hep-ex",
	SLACcitation = "%%CITATION = ARXIV:0812.2373;%%"
} 

@article{Back:2012wc,
	author = "Back, J. J. and Barker, G. J. and Bennieston, A. J. and Boyd, S. B. and Morgan, B. and Ramachers, Y. A.",
	title = "{Electron-Hadron shower discrimination in a liquid argon time projection chamber}",
	journal = "Eur. Phys. J.",
	volume = "C73",
	year = "2013",
	number = "3",
	pages = "2369",
	doi = "10.1140/epjc/s10052-013-2369-y",
	eprint = "1210.2215",
	archivePrefix = "arXiv",
	primaryClass = "physics.ins-det",
	SLACcitation = "%%CITATION = ARXIV:1210.2215;%%"
} 

@article{DeBruyn:2017aqu,
	author = "De Bruyn, Kristof",
	title = "{Lepton Flavour Violation in Tau Decays: Results and Prospects at the LHC}",
	booktitle = "{Proceedings, 14th International Workshop on Tau Lepton Physics (TAU 2016): Beijing, China, September 19-23, 2016}",
	collaboration = "ATLAS, CMS, LHCb",
	journal = "Nucl. Part. Phys. Proc.",
	volume = "287-288",
	year = "2017",
	pages = "164-167",
	doi = "10.1016/j.nuclphysbps.2017.03.068",
	reportNumber = "LHCb-PROC-2017-019",
	SLACcitation = "%%CITATION = LHCB-PROC-2017-019;%%"
} 

@article{Akhmedov:2009rb,
	author = "Akhmedov, Evgeny Kh. and Smirnov, Alexei {\relax Yu}.",
	title = "{Paradoxes of neutrino oscillations}",
	journal = "Phys. Atom. Nucl.",
	volume = "72",
	year = "2009",
	pages = "1363-1381",
	doi = "10.1134/S1063778809080122",
	eprint = "0905.1903",
	archivePrefix = "arXiv",
	primaryClass = "hep-ph",
	SLACcitation = "%%CITATION = ARXIV:0905.1903;%%"
} 

@article{LoSecco:1998bc,
	author = "LoSecco, J. M.",
	title = "{Measuring the muon-neutrino to muon anti-neutrino ratio in a high statistics atmospheric neutrino experiment}",
	journal = "Phys. Rev.",
	volume = "D59",
	year = "1999",
	pages = "117302",
	doi = "10.1103/PhysRevD.59.117302",
	eprint = "hep-ph/9806318",
	archivePrefix = "arXiv",
	primaryClass = "hep-ph",
	reportNumber = "UNDPDK-98-01",
	SLACcitation = "%%CITATION = HEP-PH/9806318;%%"
} 

@article{Brancus:2000we,
	author = "Brancus, I. M. and others",
	title = "{Measurements of the charge ratio of atmospheric muons}",
	booktitle = "{Nuclear physics at the turn of the century: Problems, ideas, techniques. Proceedings, NATO Workshop and 26th Mazurian Lakes School of Physics, Krzyze, Poland, September 1-11, 1999}",
	journal = "Acta Phys. Polon.",
	volume = "B31",
	year = "2000",
	pages = "465-470",
	SLACcitation = "%%CITATION = APPOA,B31,465;%%"
} 

@article{Huber:2008yx,
	author = "Huber, Patrick and Schwetz, Thomas",
	title = "{A Low energy neutrino factory with non-magnetic detectors}",
	journal = "Phys. Lett.",
	volume = "B669",
	year = "2008",
	pages = "294-300",
	doi = "10.1016/j.physletb.2008.10.009",
	eprint = "0805.2019",
	archivePrefix = "arXiv",
	primaryClass = "hep-ph",
	reportNumber = "CERN-PH-TH-2008-103, VPI-IPNAS-08-10",
	SLACcitation = "%%CITATION = ARXIV:0805.2019;%%"
} 

@article{Jiang:2019xwn,
      author         = "Jiang, M. and others",
      title          = "{Atmospheric Neutrino Oscillation Analysis with Improved
                        Event Reconstruction in Super-Kamiokande IV}",
      collaboration  = "Super-Kamiokande",
      journal        = "PTEP",
      volume         = "2019",
      year           = "2019",
      number         = "5",
      pages          = "053F01",
      doi            = "10.1093/ptep/ptz015",
      eprint         = "1901.03230",
      archivePrefix  = "arXiv",
      primaryClass   = "hep-ex",
      SLACcitation   = "%%CITATION = ARXIV:1901.03230;%%"
}

@article{Jarlskog:1985ht,
      author         = "Jarlskog, C.",
      title          = "{Commutator of the Quark Mass Matrices in the Standard
                        Electroweak Model and a Measure of Maximal CP Violation}",
      journal        = "Phys. Rev. Lett.",
      volume         = "55",
      year           = "1985",
      pages          = "1039",
      doi            = "10.1103/PhysRevLett.55.1039",
      reportNumber   = "USIP-85-14",
      SLACcitation   = "%%CITATION = PRLTA,55,1039;%%"
}

@article{Brown:2018jhj,
      author         = "Brown, D. A. and others",
      title          = "{ENDF/B-VIII.0: The 8th Major Release of the Nuclear
                        Reaction Data Library with CIELO-project Cross Sections,
                        New Standards and Thermal Scattering Data}",
      journal        = "Nucl. Data Sheets",
      volume         = "148",
      year           = "2018",
      pages          = "1-142",
      doi            = "10.1016/j.nds.2018.02.001",
      SLACcitation   = "%%CITATION = NDTSB,148,1;%%"
}


@article{PhysRev.90.603,
  title = "The Thermal Neutron Capture Cross Section of Hydrogen",
  author = "Hamermesh, B. and Ringo, G. R. and Wexler, S.",
  journal = "Phys. Rev.",
  volume = "90",
  issue = "4",
  pages = "603--606",
  numpages = "0",
  year = "1953",
  month = "May",
  publisher = "American Physical Society",
  doi = "10.1103/PhysRev.90.603",
  url = "https://link.aps.org/doi/10.1103/PhysRev.90.603"
}

@article{ZERKIN201831,
	title = "The experimental nuclear reaction data (EXFOR): Extended computer database and Web retrieval system",
	journal = "Nuclear Instruments and Methods in Physics Research Section A: Accelerators, Spectrometers, Detectors and Associated Equipment",
	volume = "888",
	pages = "31 - 43",
	year = "2018",
	issn = "0168-9002",
	doi = "https://doi.org/10.1016/j.nima.2018.01.045",
	url = "http://www.sciencedirect.com/science/article/pii/S0168900218300627",
	author = "V.V. Zerkin and B. Pritychenko",
	keywords = "Nuclear reaction data, Nuclear databases, Web dissemination",
}

@article{Watanabe:2008ru,
      author         = "Watanabe, H. and others",
      title          = "{First Study of Neutron Tagging with a Water Cherenkov
                        Detector}",
      collaboration  = "Super-Kamiokande",
      journal        = "Astropart. Phys.",
      volume         = "31",
      year           = "2009",
      pages          = "320-328",
      doi            = "10.1016/j.astropartphys.2009.03.002",
      eprint         = "0811.0735",
      archivePrefix  = "arXiv",
      primaryClass   = "hep-ex",
      SLACcitation   = "%%CITATION = ARXIV:0811.0735;%%"
}

@article{Cokinos:1977zz,
      author         = "Cokinos, D. and Melkonian, E.",
      title          = "{Measurement of the 2200 m/sec neutron-proton capture
                        cross section}",
      journal        = "Phys. Rev.",
      volume         = "C15",
      year           = "1977",
      pages          = "1636-1643",
      doi            = "10.1103/PhysRevC.15.1636",
      SLACcitation   = "%%CITATION = PHRVA,C15,1636;%%"
}

@article{PMID:4744412,
	Title = {Neutron spectra of 241Am-B, 241Am-Be, 241Am-F, 242Cm-Be, 238Pu-13C and 252Cf isotopic neutron sources},
	Author = {Lorch, EA},
	DOI = {10.1016/0020-708x(73)90127-0},
	Number = {10},
	Volume = {24},
	Month = {October},
	Year = {1973},
	Journal = {The International journal of applied radiation and isotopes},
	ISSN = {0020-708X},
	Pages = {585‚Äî591},
	URL = {https://doi.org/10.1016/0020-708x(73)90127-0},
}

@article{Martin:2014you,
      author         = "Martin, M. J.",
      title          = "{Nuclear Data Sheets}",
      journal        = "Nucl. Data Sheets",
      volume         = "122",
      year           = "2014",
      pages          = "377-409",
      doi            = "10.1016/j.nds.2014.11.004",
      SLACcitation   = "%%CITATION = NDTSB,122,377;%%"
}

@article{Agostinelli:2002hh,
      author         = "Agostinelli, S. and others",
      title          = "{GEANT4: A Simulation toolkit}",
      collaboration  = "GEANT4",
      journal        = "Nucl. Instrum. Meth.",
      volume         = "A506",
      year           = "2003",
      pages          = "250-303",
      doi            = "10.1016/S0168-9002(03)01368-8",
      reportNumber   = "SLAC-PUB-9350, FERMILAB-PUB-03-339",
      SLACcitation   = "%%CITATION = NUIMA,A506,250;%%"
}
@article{Giusarma:2013pmn,
      author         = "Giusarma, Elena and de Putter, Roland and Ho, Shirley and
                        Mena, Olga",
      title          = "{Constraints on neutrino masses from Planck and Galaxy Clustering data}",
      journal        = "Phys. Rev.",
      volume         = "D88",
      year           = "2013",
      number         = "6",
      pages          = "063515",
      doi            = "10.1103/PhysRevD.88.063515",
      eprint         = "1306.5544",
      archivePrefix  = "arXiv",
      primaryClass   = "astro-ph.CO",
      SLACcitation   = "%%CITATION = ARXIV:1306.5544;%%"
}

@article{Simpson:2019xwo,
      author         = "Simpson, C. and others",
      title          = "{Sensitivity of Super-Kamiokande with Gadolinium to Low
                        Energy Anti-neutrinos from Pre-supernova Emission}",
      collaboration  = "Super-Kamiokande",
      journal        = "Astrophys. J.",
      volume         = "885",
      year           = "2019",
      pages          = "133",
      doi            = "10.3847/1538-4357/ab4883",
      eprint         = "1908.07551",
      archivePrefix  = "arXiv",
      primaryClass   = "astro-ph.HE",
      SLACcitation   = "%%CITATION = ARXIV:1908.07551;%%"
}

@mastersthesis{Labranche:2004sya,
      author         = "Labranche, H.",
      title          = "{Time Series Analysis For The Californium Source In
                        Sudbury Neutrino Observatory}",
      school         = "Guelph U.",
      year           = "2004",
      url            = "http://www.sno.phy.queensu.ca/papers/labranche_phd.pdf",
      SLACcitation   = "%%CITATION = INSPIRE-899722;%%"
}

@phdthesis{Irvine:2014hja,
      author         = "Irvine, Tristan James",
      title          = "{Development of Neutron-Tagging Techniques and
                        Application to Atmospheric Neutrino Oscillation Analysis
                        in Super-Kamiokande}",
      school         = "U. Tokyo (main)",
      year           = "2014",
      url            = "http://www-sk.icrr.u-tokyo.ac.jp/sk/pub/documents/TristanJamesIrvine_Thesis.pdf",
      SLACcitation   = "%%CITATION = INSPIRE-1325201;%%"
}

@article{Beacom:2003nk,
      author         = "Beacom, John F. and Vagins, Mark R.",
      title          = "{GADZOOKS! Anti-neutrino spectroscopy with large water
                        Cherenkov detectors}",
      journal        = "Phys. Rev. Lett.",
      volume         = "93",
      year           = "2004",
      pages          = "171101",
      doi            = "10.1103/PhysRevLett.93.171101",
      eprint         = "hep-ph/0309300",
      archivePrefix  = "arXiv",
      primaryClass   = "hep-ph",
      reportNumber   = "FERMILAB-PUB-03-249-A",
      SLACcitation   = "%%CITATION = HEP-PH/0309300;%%"
}

@article{Zhang:2013tua,
      author         = "Zhang, H. and others",
      title          = "{Supernova Relic Neutrino Search with Neutron Tagging at
                        Super-Kamiokande-IV}",
      collaboration  = "Super-Kamiokande",
      journal        = "Astropart. Phys.",
      volume         = "60",
      year           = "2015",
      pages          = "41-46",
      doi            = "10.1016/j.astropartphys.2014.05.004",
      eprint         = "1311.3738",
      archivePrefix  = "arXiv",
      primaryClass   = "hep-ex",
      SLACcitation   = "%%CITATION = ARXIV:1311.3738;%%"
}

@article{Abe:2013gga,
      author         = "Abe, K. and others",
      title          = "{Calibration of the Super-Kamiokande Detector}",
      journal        = "Nucl. Instrum. Meth.",
      volume         = "A737",
      year           = "2014",
      pages          = "253-272",
      doi            = "10.1016/j.nima.2013.11.081",
      eprint         = "1307.0162",
      archivePrefix  = "arXiv",
      primaryClass   = "physics.ins-det",
      SLACcitation   = "%%CITATION = ARXIV:1307.0162;%%"
}

@article{Fukuda:2002uc,
      author         = "Fukuda, Y. and others",
      title          = "{The Super-Kamiokande detector}",
      booktitle      = "{Advanced computing and analysis techniques in physics
                        research. Proceedings, 8th International Workshop, ACAT
                        2002, Moscow, Russia, June 24-28, 2002}",
      collaboration  = "Super-Kamiokande",
      journal        = "Nucl. Instrum. Meth.",
      volume         = "A501",
      year           = "2003",
      pages          = "418-462",
      doi            = "10.1016/S0168-9002(03)00425-X",
      SLACcitation   = "%%CITATION = NUIMA,A501,418;%%"
}

@article{Ikeda:2019pcm,
      author         = "Marti, Ll and others",
      title          = "{Evaluation of Gadolinium's Action on Water Cherenkov
                        Detector Systems with EGADS}",
      journal        = "Nucl. Instrum. Meth.",
      volume         = "A959",
      year           = "2020",
      pages          = "163549",
      doi            = "10.1016/j.nima.2020.163549",
      eprint         = "1908.11532",
      archivePrefix  = "arXiv",
      primaryClass   = "physics.ins-det",
      SLACcitation   = "%%CITATION = ARXIV:1908.11532;%%"
}

@article{Morton_2000,
	doi = {10.1086/317349},
	url = {https://doi.org/10.1086%2F317349},
	year = 2000,
	month = {oct},
	publisher = {{IOP} Publishing},
	volume = {130},
	number = {2},
	pages = {403--436},
	author = {Donald C. Morton},
	title = {Atomic Data for Resonance Absorption Lines. {II}. Wavelengths Longward of the Lyman Limit for Heavy Elements},
	journal = {The Astrophysical Journal Supplement Series},
}

@article{Levenberg_1944,
	title={A method for the solution of certain non-linear problems in least squares},
	volume={2},
	url={http://dx.doi.org/10.1090/qam/10666},
	doi={10.1090/qam/10666},
	number={2},
	journal={Quarterly of Applied Mathematics},
	publisher={American Mathematical Society (AMS)},
	author={Levenberg, Kenneth},
	year={1944},
	month={Jul},
	pages={164‚Äì168}
}

@article{Marquardt_1963,
	title={An Algorithm for Least-Squares Estimation of Nonlinear Parameters},
	volume={11},
	url={http://dx.doi.org/10.1137/0111030},
	DOI={10.1137/0111030},
	number={2},
	journal={Journal of the Society for Industrial and Applied Mathematics},
	publisher={Society for Industrial \& Applied Mathematics (SIAM)},
	author={Marquardt, Donald W.},
	year={1963},
	month={Jun},
	pages={431-441}
}

@article{Transtrum2012,
	author = {Transtrum, Mark and Sethna, James},
	title = {Improvements to the Levenberg-Marquardt algorithm for nonlinear least-squares minimization},
	year = {2012},
	month = {01},
	pages = {},
	eprint = {1201.5885},
	archivePrefix  = {arXiv},
	primaryClass   = "physics.data-an",
}

@article{Bahcall:1997ha,
      author         = "Bahcall, J. N. and Fowler, William A. and Iben, Jr., I.
                        and Sears, R. L.",
      title          = "{Solar neutrino flux}",
      journal        = "Astrophys. J.",
      volume         = "137",
      year           = "1963",
      pages          = "344-346",
      doi            = "10.1086/147513",
      SLACcitation   = "%%CITATION = ASJOA,137,344;%%"
}


@article{Bahcall:1987jc,
      author         = "Bahcall, John N. and Ulrich, Roger K.",
      title          = "{Solar Models, Neutrino Experiments and Helioseismology}",
      journal        = "Rev. Mod. Phys.",
      volume         = "60",
      year           = "1988",
      pages          = "297-372",
      doi            = "10.1103/RevModPhys.60.297",
      reportNumber   = "IASSNS-AST-87-1",
      SLACcitation   = "%%CITATION = RMPHA,60,297;%%"
}

@article{Bahcall:2004mz,
      author         = "Bahcall, John N. and Pena-Garay, Carlos",
      title          = "{Solar models and solar neutrino oscillations}",
      journal        = "New J. Phys.",
      volume         = "6",
      year           = "2004",
      pages          = "63",
      doi            = "10.1088/1367-2630/6/1/063",
      eprint         = "hep-ph/0404061",
      archivePrefix  = "arXiv",
      primaryClass   = "hep-ph",
      SLACcitation   = "%%CITATION = HEP-PH/0404061;%%"
}

@article{Lande:1991np,
      author         = "Lande, K. and Cleveland, B. T. and Daily, T. and Davis,
                        R. and Distel, J. and Lee, C. K. and Weinberger, A. and
                        Wildenhain, P. and Ullman, J.",
      title          = "{Solar neutrino observations with the Homestake $^{37}$Cl
                        detector}",
      booktitle      = "{Proceedings, 4th Conference on the Intersections between
                        Particle and Nuclear Physics: Tucson, AZ, May 23-29,
                        1991}",
      journal        = "AIP Conf. Proc.",
      volume         = "243",
      year           = "1992",
      pages          = "1122-1133",
      doi            = "10.1063/1.41548",
      SLACcitation   = "%%CITATION = APCPC,243,1122;%%"
}

@article{Altmann:2005ix,
      author         = "Altmann, M. and others",
      title          = "{Complete results for five years of GNO solar neutrino
                        observations}",
      collaboration  = "GNO",
      journal        = "Phys. Lett.",
      volume         = "B616",
      year           = "2005",
      pages          = "174-190",
      doi            = "10.1016/j.physletb.2005.04.068",
      eprint         = "hep-ex/0504037",
      archivePrefix  = "arXiv",
      primaryClass   = "hep-ex",
      reportNumber   = "MPI-K-2005-008",
      SLACcitation   = "%%CITATION = HEP-EX/0504037;%%"
}


@article{Abdurashitov:2002nt,
      author         = "Abdurashitov, J. N. and others",
      title          = "{Solar neutrino flux measurements by the Soviet-American
                        Gallium Experiment (SAGE) for half the 22 year solar
                        cycle}",
      collaboration  = "SAGE",
      journal        = "J. Exp. Theor. Phys.",
      volume         = "95",
      year           = "2002",
      pages          = "181-193",
      doi            = "10.1134/1.1506424",
      note           = "[Zh. Eksp. Teor. Fiz.122,211(2002)]",
      eprint         = "astro-ph/0204245",
      archivePrefix  = "arXiv",
      primaryClass   = "astro-ph",
      SLACcitation   = "%%CITATION = ASTRO-PH/0204245;%%"
}


@article{Mikheev:1986gs,
      author         = "Mikheyev, S. P. and Smirnov, A. {\relax Yu}.",
      title          = "{Resonance Amplification of Oscillations in Matter and
                        Spectroscopy of Solar Neutrinos}",
      journal        = "Sov. J. Nucl. Phys.",
      volume         = "42",
      year           = "1985",
      pages          = "913-917",
      note           = "[Yad. Fiz.42,1441(1985); ,305(1986)]",
      SLACcitation   = "%%CITATION = SJNCA,42,913;%%"
}


@article{Mikheev:1986wj,
      author         = "Mikheev, S. P. and Smirnov, A. {\relax Yu}.",
      title          = "{Resonant amplification of neutrino oscillations in
                        matter and solar neutrino spectroscopy}",
      journal        = "Nuovo Cim.",
      volume         = "C9",
      year           = "1986",
      pages          = "17-26",
      doi            = "10.1007/BF02508049",
      SLACcitation   = "%%CITATION = NUCIA,C9,17;%%"
}

@article{Wolfenstein:1977ue,
      author         = "Wolfenstein, L.",
      title          = "{Neutrino Oscillations in Matter}",
      journal        = "Phys. Rev.",
      volume         = "D17",
      year           = "1978",
      pages          = "2369-2374",
      doi            = "10.1103/PhysRevD.17.2369",
      note           = "[,294(1977)]",
      reportNumber   = "COO-3066-102",
      SLACcitation   = "%%CITATION = PHRVA,D17,2369;%%"
}

@article{Totani:1997vj,
      author         = "Totani, T. and Sato, K. and Dalhed, H. E. and Wilson, J.
                        R.",
      title          = "{Future detection of supernova neutrino burst and
                        explosion mechanism}",
      journal        = "Astrophys. J.",
      volume         = "496",
      year           = "1998",
      pages          = "216-225",
      doi            = "10.1086/305364",
      eprint         = "astro-ph/9710203",
      archivePrefix  = "arXiv",
      primaryClass   = "astro-ph",
      reportNumber   = "UTAP-276-97, RESCEU-42-97",
      SLACcitation   = "%%CITATION = ASTRO-PH/9710203;%%"
}

@article{Nakazato:2012qf,
      author         = "Nakazato, Ken'ichiro and Sumiyoshi, Kohsuke and Suzuki,
                        Hideyuki and Totani, Tomonori and Umeda, Hideyuki and
                        Yamada, Shoichi",
      title          = "{Supernova Neutrino Light Curves and Spectra for Various
                        Progenitor Stars: From Core Collapse to Proto-neutron Star
                        Cooling}",
      journal        = "Astrophys. J. Suppl.",
      volume         = "205",
      year           = "2013",
      pages          = "2",
      doi            = "10.1088/0067-0049/205/1/2",
      eprint         = "1210.6841",
      archivePrefix  = "arXiv",
      primaryClass   = "astro-ph.HE",
      SLACcitation   = "%%CITATION = ARXIV:1210.6841;%%"
}

@article{Tamborra:2014hga,
      author         = "Tamborra, Irene and Raffelt, Georg and Hanke, Florian and
                        Janka, Hans-Thomas and Mueller, Bernhard",
      title          = "{Neutrino emission characteristics and detection
                        opportunities based on three-dimensional supernova
                        simulations}",
      journal        = "Phys. Rev.",
      volume         = "D90",
      year           = "2014",
      number         = "4",
      pages          = "045032",
      doi            = "10.1103/PhysRevD.90.045032",
      eprint         = "1406.0006",
      archivePrefix  = "arXiv",
      primaryClass   = "astro-ph.SR",
      reportNumber   = "MPP-2014-76",
      SLACcitation   = "%%CITATION = ARXIV:1406.0006;%%"
}

@article{Abraham:2008ru,
      author         = "Abraham, J. and others",
      title          = "{Observation of the suppression of the flux of cosmic
                        rays above $4\times 10^{19}$eV}",
      collaboration  = "Pierre Auger",
      journal        = "Phys. Rev. Lett.",
      volume         = "101",
      year           = "2008",
      pages          = "061101",
      doi            = "10.1103/PhysRevLett.101.061101",
      eprint         = "0806.4302",
      archivePrefix  = "arXiv",
      primaryClass   = "astro-ph",
      reportNumber   = "FERMILAB-PUB-08-314-A-CD-TD",
      SLACcitation   = "%%CITATION = ARXIV:0806.4302;%%"
}

@article{Honda:2006qj,
      author         = "Honda, Morihiro and Kajita, T. and Kasahara, K. and
                        Midorikawa, S. and Sanuki, T.",
      title          = "{Calculation of atmospheric neutrino flux using the
                        interaction model calibrated with atmospheric muon data}",
      journal        = "Phys. Rev.",
      volume         = "D75",
      year           = "2007",
      pages          = "043006",
      doi            = "10.1103/PhysRevD.75.043006",
      eprint         = "astro-ph/0611418",
      archivePrefix  = "arXiv",
      primaryClass   = "astro-ph",
      SLACcitation   = "%%CITATION = ASTRO-PH/0611418;%%"
}

@article{Honda:2004yz,
      author         = "Honda, Morihiro and Kajita, T. and Kasahara, K. and
                        Midorikawa, S.",
      title          = "{A New calculation of the atmospheric neutrino flux in a
                        3-dimensional scheme}",
      journal        = "Phys. Rev.",
      volume         = "D70",
      year           = "2004",
      pages          = "043008",
      doi            = "10.1103/PhysRevD.70.043008",
      eprint         = "astro-ph/0404457",
      archivePrefix  = "arXiv",
      primaryClass   = "astro-ph",
      SLACcitation   = "%%CITATION = ASTRO-PH/0404457;%%"
}

@article{Anchordoqui:2002hs,
      author         = "Anchordoqui, Luis and Paul, Thomas Cantzon and Reucroft,
                        Stephen and Swain, John",
      title          = "{Ultrahigh-energy cosmic rays: The State of the art
                        before the Auger Observatory}",
      journal        = "Int. J. Mod. Phys.",
      volume         = "A18",
      year           = "2003",
      pages          = "2229-2366",
      doi            = "10.1142/S0217751X03013879",
      eprint         = "hep-ph/0206072",
      archivePrefix  = "arXiv",
      primaryClass   = "hep-ph",
      reportNumber   = "NUB-3228-TH-02",
      SLACcitation   = "%%CITATION = HEP-PH/0206072;%%"
}


@article{Greisen:1966jv,
      author         = "Greisen, Kenneth",
      title          = "{End to the cosmic ray spectrum?}",
      journal        = "Phys. Rev. Lett.",
      volume         = "16",
      year           = "1966",
      pages          = "748-750",
      doi            = "10.1103/PhysRevLett.16.748",
      SLACcitation   = "%%CITATION = PRLTA,16,748;%%"
}

@article{Zatsepin:1966jv,
      author         = "Zatsepin, G. T. and Kuzmin, V. A.",
      title          = "{Upper limit of the spectrum of cosmic rays}",
      journal        = "JETP Lett.",
      volume         = "4",
      year           = "1966",
      pages          = "78-80",
      note           = "[Pisma Zh. Eksp. Teor. Fiz.4,114(1966)]",
      SLACcitation   = "%%CITATION = JTPLA,4,78;%%"
}

@article{Beavis_Carroll_Chiang_1995,
	title={Long baseline neutrino oscillation experiment at the AGS. Physics design report},
	url={http://dx.doi.org/10.2172/52878},
	DOI={10.2172/52878},
	institution={Office of Scientific and Technical Information (OSTI)},
	author={Beavis, D. and Carroll, A. and Chiang, I.},
	year={1995},
	month={Apr}
}


@article{Abe:2012av,
      author         = "Abe, K. and others",
      title          = "{T2K neutrino flux prediction}",
      collaboration  = "T2K",
      journal        = "Phys. Rev.",
      volume         = "D87",
      year           = "2013",
      number         = "1",
      pages          = "012001",
      doi            = "10.1103/PhysRevD.87.012001, 10.1103/PhysRevD.87.019902",
      note           = "[Addendum: Phys. Rev.D87,no.1,019902(2013)]",
      eprint         = "1211.0469",
      archivePrefix  = "arXiv",
      primaryClass   = "hep-ex",
      SLACcitation   = "%%CITATION = ARXIV:1211.0469;%%"
}

@article{Ayres:2004js,
      author         = "Ayres, D. S. and others",
      title          = "{NOvA: Proposal to Build a 30 Kiloton Off-Axis Detector
                        to Study $\nu_{\mu} \to \nu_e$ Oscillations in the NuMI
                        Beamline}",
      collaboration  = "NOvA",
      year           = "2004",
      eprint         = "hep-ex/0503053",
      archivePrefix  = "arXiv",
      primaryClass   = "hep-ex",
      reportNumber   = "FERMILAB-PROPOSAL-0929",
      SLACcitation   = "%%CITATION = HEP-EX/0503053;%%"
}

@article{AguilarArevalo:2008yp,
      author         = "Aguilar-Arevalo, A. A. and others",
      title          = "{The Neutrino Flux prediction at MiniBooNE}",
      collaboration  = "MiniBooNE",
      journal        = "Phys. Rev.",
      volume         = "D79",
      year           = "2009",
      pages          = "072002",
      doi            = "10.1103/PhysRevD.79.072002",
      eprint         = "0806.1449",
      archivePrefix  = "arXiv",
      primaryClass   = "hep-ex",
      reportNumber   = "FERMILAB-PUB-08-161-AD-E",
      SLACcitation   = "%%CITATION = ARXIV:0806.1449;%%"
}

@article{Freedman:1973yd,
      author         = "Freedman, Daniel Z.",
      title          = "{Coherent Neutrino Nucleus Scattering as a Probe of the
                        Weak Neutral Current}",
      journal        = "Phys. Rev.",
      volume         = "D9",
      year           = "1974",
      pages          = "1389-1392",
      doi            = "10.1103/PhysRevD.9.1389",
      reportNumber   = "NAL-PUB-73-76-THY, FERMILAB-PUB-73-076-T",
      SLACcitation   = "%%CITATION = PHRVA,D9,1389;%%"
}

@article{Drukier:1983gj,
      author         = "Drukier, A. and Stodolsky, Leo",
      title          = "{Principles and Applications of a Neutral Current
                        Detector for Neutrino Physics and Astronomy}",
      booktitle      = "{MASSIVE NEUTRINOS IN ASTROPHYSICS AND IN PARTICLE
                        PHYSICS. PROCEEDINGS, 4TH MORIOND WORKSHOP, LA PLAGNE,
                        FRANCE, JANUARY 15-21, 1984}",
      journal        = "Phys. Rev.",
      volume         = "D30",
      year           = "1984",
      pages          = "2295",
      doi            = "10.1103/PhysRevD.30.2295",
      note           = "[,395(1984)]",
      reportNumber   = "MPI-PAE/PTh 36/82",
      SLACcitation   = "%%CITATION = PHRVA,D30,2295;%%"
}

@article{Akimov:2017ade,
      author         = "Akimov, D. and others",
      title          = "{Observation of Coherent Elastic Neutrino-Nucleus
                        Scattering}",
      collaboration  = "COHERENT",
      journal        = "Science",
      volume         = "357",
      year           = "2017",
      number         = "6356",
      pages          = "1123-1126",
      doi            = "10.1126/science.aao0990",
      eprint         = "1708.01294",
      archivePrefix  = "arXiv",
      primaryClass   = "nucl-ex",
      SLACcitation   = "%%CITATION = ARXIV:1708.01294;%%"
}

@article{Akimov:2015nza,
      author         = "Akimov, D. and others",
      title          = "{The COHERENT Experiment at the Spallation Neutron
                        Source}",
      collaboration  = "COHERENT",
      year           = "2015",
      eprint         = "1509.08702",
      archivePrefix  = "arXiv",
      primaryClass   = "physics.ins-det",
      SLACcitation   = "%%CITATION = ARXIV:1509.08702;%%"
}

@article{Coloma:2017ncl,
      author         = "Coloma, Pilar and Gonzalez-Garcia, M. C. and Maltoni,
                        Michele and Schwetz, Thomas",
      title          = "{COHERENT Enlightenment of the Neutrino Dark Side}",
      journal        = "Phys. Rev.",
      volume         = "D96",
      year           = "2017",
      number         = "11",
      pages          = "115007",
      doi            = "10.1103/PhysRevD.96.115007",
      eprint         = "1708.02899",
      archivePrefix  = "arXiv",
      primaryClass   = "hep-ph",
      reportNumber   = "FERMILAB-PUB-17-308-T, YITP-SB-17-28,
                        IFT-UAM-CSIC-17-073",
      SLACcitation   = "%%CITATION = ARXIV:1708.02899;%%"
}

@article{Giunti:2019xpr,
      author         = "Giunti, C.",
      title          = "{General COHERENT constraints on neutrino nonstandard
                        interactions}",
      journal        = "Phys. Rev.",
      volume         = "D101",
      year           = "2020",
      number         = "3",
      pages          = "035039",
      doi            = "10.1103/PhysRevD.101.035039",
      eprint         = "1909.00466",
      archivePrefix  = "arXiv",
      primaryClass   = "hep-ph",
      SLACcitation   = "%%CITATION = ARXIV:1909.00466;%%"
}

@article{Ernst:1960zza,
      author         = "Ernst, F. J. and Sachs, R. G. and Wali, K. C.",
      title          = "{Electromagnetic form factors of the nucleon}",
      journal        = "Phys. Rev.",
      volume         = "119",
      year           = "1960",
      pages          = "1105-1114",
      doi            = "10.1103/PhysRev.119.1105",
      SLACcitation   = "%%CITATION = PHRVA,119,1105;%%"
}

@article{Formaggio:2013kya,
      author         = "Formaggio, J. A. and Zeller, G. P.",
      title          = "{From eV to EeV: Neutrino Cross Sections Across Energy
                        Scales}",
      journal        = "Rev. Mod. Phys.",
      volume         = "84",
      year           = "2012",
      pages          = "1307-1341",
      doi            = "10.1103/RevModPhys.84.1307",
      eprint         = "1305.7513",
      archivePrefix  = "arXiv",
      primaryClass   = "hep-ex",
      reportNumber   = "FERMILAB-PUB-12-785-E",
      SLACcitation   = "%%CITATION = ARXIV:1305.7513;%%"
}

@article{Rein:1980wg,
      author         = "Rein, Dieter and Sehgal, Lalit M.",
      title          = "{Neutrino Excitation of Baryon Resonances and Single Pion
                        Production}",
      journal        = "Annals Phys.",
      volume         = "133",
      year           = "1981",
      pages          = "79-153",
      doi            = "10.1016/0003-4916(81)90242-6",
      reportNumber   = "PITHA-80-10",
      SLACcitation   = "%%CITATION = APNYA,133,79;%%"
}

@article{Martini:2009uj,
      author         = "Martini, M. and Ericson, M. and Chanfray, G. and Marteau,
                        J.",
      title          = "{A Unified approach for nucleon knock-out, coherent and
                        incoherent pion production in neutrino interactions with
                        nuclei}",
      journal        = "Phys. Rev.",
      volume         = "C80",
      year           = "2009",
      pages          = "065501",
      doi            = "10.1103/PhysRevC.80.065501",
      eprint         = "0910.2622",
      archivePrefix  = "arXiv",
      primaryClass   = "nucl-th",
      reportNumber   = "LYCEN-2009-10, CERN-PH-TH-2009-192",
      SLACcitation   = "%%CITATION = ARXIV:0910.2622;%%"
}


@article{Nieves:2011pp,
      author         = "Nieves, J. and Ruiz Simo, I. and Vicente Vacas, M. J.",
      title          = "{Inclusive Charged--Current Neutrino--Nucleus Reactions}",
      journal        = "Phys. Rev.",
      volume         = "C83",
      year           = "2011",
      pages          = "045501",
      doi            = "10.1103/PhysRevC.83.045501",
      eprint         = "1102.2777",
      archivePrefix  = "arXiv",
      primaryClass   = "hep-ph",
      SLACcitation   = "%%CITATION = ARXIV:1102.2777;%%"
}


@article{Yang:1954ek,
      author         = "Yang, Chen-Ning and Mills, Robert L.",
      title          = "{Conservation of Isotopic Spin and Isotopic Gauge
                        Invariance}",
      journal        = "Phys. Rev.",
      volume         = "96",
      year           = "1954",
      pages          = "191-195",
      doi            = "10.1103/PhysRev.96.191",
      note           = "[,150(1954); ,150(1954); ,150(1954)]",
      SLACcitation   = "%%CITATION = PHRVA,96,191;%%"
}


@article{Glashow:1961tr,
      author         = "Glashow, S. L.",
      title          = "{Partial Symmetries of Weak Interactions}",
      journal        = "Nucl. Phys.",
      volume         = "22",
      year           = "1961",
      pages          = "579-588",
      doi            = "10.1016/0029-5582(61)90469-2",
      SLACcitation   = "%%CITATION = NUPHA,22,579;%%"
}

@article{Weinberg:1967tq,
      author         = "Weinberg, Steven",
      title          = "{A Model of Leptons}",
      journal        = "Phys. Rev. Lett.",
      volume         = "19",
      year           = "1967",
      pages          = "1264-1266",
      doi            = "10.1103/PhysRevLett.19.1264",
      SLACcitation   = "%%CITATION = PRLTA,19,1264;%%"
}

@article{Salam:1968rm,
      author         = "Salam, Abdus",
      title          = "{Weak and Electromagnetic Interactions}",
      booktitle      = "{8th Nobel Symposium Lerum, Sweden, May 19-25, 1968}",
      journal        = "Conf. Proc.",
      volume         = "C680519",
      year           = "1968",
      pages          = "367-377",
      doi            = "10.1142/9789812795915_0034",
      SLACcitation   = "%%CITATION = CONFP,C680519,367;%%"
}

@article{Higgs:1964pj,
      author         = "Higgs, Peter W.",
      title          = "{Broken Symmetries and the Masses of Gauge Bosons}",
      journal        = "Phys. Rev. Lett.",
      volume         = "13",
      year           = "1964",
      pages          = "508-509",
      doi            = "10.1103/PhysRevLett.13.508",
      note           = "[,160(1964)]",
      SLACcitation   = "%%CITATION = PRLTA,13,508;%%"
}

@article{Higgs:1964ia,
      author         = "Higgs, Peter W.",
      title          = "{Broken symmetries, massless particles and gauge fields}",
      journal        = "Phys. Lett.",
      volume         = "12",
      year           = "1964",
      pages          = "132-133",
      doi            = "10.1016/0031-9163(64)91136-9",
      SLACcitation   = "%%CITATION = PHLTA,12,132;%%"
}

@article{Zwicky:1933gu,
      author         = "Zwicky, F.",
      title          = "{Die Rotverschiebung von extragalaktischen Nebeln}",
      journal        = "Helv. Phys. Acta",
      volume         = "6",
      year           = "1933",
      pages          = "110-127",
      doi            = "10.1007/s10714-008-0707-4",
      note           = "[Gen. Rel. Grav.41,207(2009)]",
      SLACcitation   = "%%CITATION = HPACA,6,110;%%"
}

@article{Rubin:1970zza,
      author         = "Rubin, Vera C. and Ford, Jr., W. Kent",
      title          = "{Rotation of the Andromeda Nebula from a Spectroscopic
                        Survey of Emission Regions}",
      journal        = "Astrophys. J.",
      volume         = "159",
      year           = "1970",
      pages          = "379-403",
      doi            = "10.1086/150317",
      SLACcitation   = "%%CITATION = ASJOA,159,379;%%"
}

@article{Nakano:1953zz,
      author         = "Nakano, T. and Nishijima, K.",
      title          = "{Charge Independence for V-particles}",
      journal        = "Prog. Theor. Phys.",
      volume         = "10",
      year           = "1953",
      pages          = "581-582",
      doi            = "10.1143/PTP.10.581",
      SLACcitation   = "%%CITATION = PTPKA,10,581;%%"
}

@article{Gell-Mann:1956iqa,
      author         = "Gell-Mann, M.",
      title          = "{The interpretation of the new particles as displaced
                        charge multiplets}",
      journal        = "Nuovo Cim.",
      volume         = "4",
      year           = "1956",
      number         = "S2",
      pages          = "848-866",
      doi            = "10.1007/BF02748000",
      SLACcitation   = "%%CITATION = NUCIA,4,848;%%"
}

@article{Parke:1986jy,
      author         = "Parke, Stephen J.",
      title          = "{Nonadiabatic Level Crossing in Resonant Neutrino
                        Oscillations}",
      booktitle      = "{Solar Neutrinos: An Overview}",
      journal        = "Phys. Rev. Lett.",
      volume         = "57",
      year           = "1986",
      pages          = "1275-1278",
      doi            = "10.1103/PhysRevLett.57.1275",
      note           = "[,328(1986)]",
      reportNumber   = "FERMILAB-PUB-86-067-T",
      SLACcitation   = "%%CITATION = PRLTA,57,1275;%%"
}

@article{Bellini:2014uqa,
      author         = "Bellini, G. and others",
      title          = "{Neutrinos from the primary proton--proton fusion
                        process in the Sun}",
      collaboration  = "BOREXINO",
      journal        = "Nature",
      volume         = "512",
      year           = "2014",
      number         = "7515",
      pages          = "383-386",
      doi            = "10.1038/nature13702",
      SLACcitation   = "%%CITATION = NATUA,512,383;%%"
}

@article{Tartaglia:2001sh,
      author         = "Tartaglia, R.",
      title          = "{BOREXINO: The technical description}",
      booktitle      = "{Frontier detectors for frontier physics. Proceedings,
                        8th Pisa Meeting on Advanced Detectors: La Biodola, Italy,
                        May 21-27, 2000}",
      collaboration  = "BOREXINO",
      journal        = "Nucl. Instrum. Meth.",
      volume         = "A461",
      year           = "2001",
      pages          = "327-328",
      doi            = "10.1016/S0168-9002(00)01235-3",
      SLACcitation   = "%%CITATION = NUIMA,A461,327;%%"
}

@article{Goldhaber:1958nb,
      author         = "Goldhaber, M. and Grodzins, L. and Sunyar, A. W.",
      title          = "{Helicity of Neutrinos}",
      journal        = "Phys. Rev.",
      volume         = "109",
      year           = "1958",
      pages          = "1015-1017",
      doi            = "10.1103/PhysRev.109.1015",
      SLACcitation   = "%%CITATION = PHRVA,109,1015;%%"
}

@article{Ahn:2010vy,
      author         = "Ahn, J. K. and others",
      title          = "{RENO: An Experiment for Neutrino Oscillation Parameter
                        $\theta_{13}$ Using Reactor Neutrinos at Yonggwang}",
      collaboration  = "RENO",
      year           = "2010",
      eprint         = "1003.1391",
      archivePrefix  = "arXiv",
      primaryClass   = "hep-ex",
      SLACcitation   = "%%CITATION = ARXIV:1003.1391;%%"
}

@article{Back:2019aqi,
      author         = "Back, A. R. and others",
      title          = "{Measurement of Beam-Correlated Background Neutrons from
                        the Fermilab Booster Neutrino Beam in ANNIE Phase-I}",
      collaboration  = "ANNIE",
      year           = "2019",
      eprint         = "1912.03186",
      archivePrefix  = "arXiv",
      primaryClass   = "physics.ins-det",
      reportNumber   = "FERMILAB-PUB-19-636-ND-SCD",
      SLACcitation   = "%%CITATION = ARXIV:1912.03186;%%"
}

@article{Ballett:2019bgd,
      author         = "Ballett, Peter and Boschi, Tommaso and Pascoli, Silvia",
      title          = "{Heavy Neutral Leptons from low-scale seesaws at the DUNE
                        Near Detector}",
      journal        = "JHEP",
      volume         = "03",
      year           = "2020",
      pages          = "111",
      doi            = "10.1007/JHEP03(2020)111",
      eprint         = "1905.00284",
      archivePrefix  = "arXiv",
      primaryClass   = "hep-ph",
      reportNumber   = "IPPP/18/76",
      SLACcitation   = "%%CITATION = ARXIV:1905.00284;%%"
}

@article{Cerenkov:1937vh,
      author         = "Cerenkov, P. A.",
      title          = "{Visible radiation produced by electrons moving in a
                        medium with velocities exceeding that of light}",
      journal        = "Phys. Rev.",
      volume         = "52",
      year           = "1937",
      pages          = "378-379",
      doi            = "10.1103/PhysRev.52.378",
      SLACcitation   = "%%CITATION = PHRVA,52,378;%%"
}

@article{Frank:1937fk,
      author         = "Frank, I. M. and Tamm, I. E.",
      title          = "{Coherent visible radiation of fast electrons passing
                        through matter}",
      journal        = "Compt. Rend. Acad. Sci. URSS",
      volume         = "14",
      year           = "1937",
      number         = "3",
      pages          = "109-114",
      doi            = "10.1007/978-3-642-74626-0_2,
                        10.3367/UFNr.0093.196710o.0388",
      note           = "[Dokl. Akad. Nauk SSSR14,no.3,107(1937); Usp. Fiz.
                        Nauk93,no.2,388(1967)]",
      SLACcitation   = "%%CITATION = INSPIRE-45165;%%"
}

@article{Abbasi:2008aa,
      author         = "Abbasi, R. and others",
      title          = "{The IceCube Data Acquisition System: Signal Capture,
                        Digitization, and Timestamping}",
      collaboration  = "IceCube",
      journal        = "Nucl. Instrum. Meth.",
      volume         = "A601",
      year           = "2009",
      pages          = "294-316",
      doi            = "10.1016/j.nima.2009.01.001",
      eprint         = "0810.4930",
      archivePrefix  = "arXiv",
      primaryClass   = "physics.ins-det",
      SLACcitation   = "%%CITATION = ARXIV:0810.4930;%%"
}

@article{Nishino:2009zu,
      author         = "Nishino, H. and Awai, K. and Hayato, Y. and Nakayama, S.
                        and Okumura, K. and Shiozawa, M. and Takeda, A. and
                        Ishikawa, K. and Minegishi, A. and Arai, Y.",
      title          = "{High-speed charge-to-time converter ASIC for the
                        Super-Kamiokande detector}",
      journal        = "Nucl. Instrum. Meth.",
      volume         = "A610",
      year           = "2009",
      pages          = "710-717",
      doi            = "10.1016/j.nima.2009.09.026",
      eprint         = "0911.0986",
      archivePrefix  = "arXiv",
      primaryClass   = "physics.ins-det",
      SLACcitation   = "%%CITATION = ARXIV:0911.0986;%%"
}

@article{Bays:2011si,
      author         = "Bays, K. and others",
      title          = "{Supernova Relic Neutrino Search at Super-Kamiokande}",
      collaboration  = "Super-Kamiokande",
      journal        = "Phys. Rev.",
      volume         = "D85",
      year           = "2012",
      pages          = "052007",
      doi            = "10.1103/PhysRevD.85.052007",
      eprint         = "1111.5031",
      archivePrefix  = "arXiv",
      primaryClass   = "hep-ex",
      SLACcitation   = "%%CITATION = ARXIV:1111.5031;%%"
}

@article{Tammann:1994ev,
      author         = "Tammann, G. A. and Loeffler, W. and Schroder, A.",
      title          = "{The Galactic supernova rate}",
      journal        = "Astrophys. J. Suppl.",
      volume         = "92",
      year           = "1994",
      pages          = "487-493",
      doi            = "10.1086/192002",
      SLACcitation   = "%%CITATION = APJSA,92,487;%%"
}

@article{Beacom:2010kk,
      author         = "Beacom, John F.",
      title          = "{The Diffuse Supernova Neutrino Background}",
      journal        = "Ann. Rev. Nucl. Part. Sci.",
      volume         = "60",
      year           = "2010",
      pages          = "439-462",
      doi            = "10.1146/annurev.nucl.010909.083331",
      eprint         = "1004.3311",
      archivePrefix  = "arXiv",
      primaryClass   = "astro-ph.HE",
      SLACcitation   = "%%CITATION = ARXIV:1004.3311;%%"
}

@article{Vogel:1999zy,
      author         = "Vogel, P. and Beacom, John F.",
      title          = "{Angular distribution of neutron inverse beta decay,
                        anti-neutrino(e) + p ---> e+ + n}",
      journal        = "Phys. Rev.",
      volume         = "D60",
      year           = "1999",
      pages          = "053003",
      doi            = "10.1103/PhysRevD.60.053003",
      eprint         = "hep-ph/9903554",
      archivePrefix  = "arXiv",
      primaryClass   = "hep-ph",
      SLACcitation   = "%%CITATION = HEP-PH/9903554;%%"
}

@article{Beer_1852,
	title={Bestimmung der Absorption des rothen Lichts in farbigen Fl√ºssigkeiten},
	volume={162},
	url={http://dx.doi.org/10.1002/andp.18521620505},
	DOI={10.1002/andp.18521620505},
	number={5},
	journal={Annalen der Physik und Chemie},
	publisher={Wiley},
	author={Beer},
	year={1852},
	pages={78‚Äì88}
}
